2885 3782
1118 414 1189 463 u.
1227 413 1458 463 nmo.
2191 398 2309 469 809.

254 576 348 637 ned
373 577 549 637 nimis
577 577 907 636 verecunde
933 574 1074 635 mihi
1113 575 1437 652 gratularis.
1520 575 1703 634 Putas
1731 576 1902 649 enim,
1928 585 1993 635 ut
2017 576 2234 647 scribis,

253 682 483 749 propter
529 673 784 732 hominis
825 672 1019 732 sordes
1062 672 1257 730 minus
1299 688 1394 729 me
1435 689 1708 747 magnam
1750 672 1910 731 illam
1955 673 2234 731 laetitiam

250 776 467 843 putare.
556 765 784 827 Credas
811 769 949 826 mihi
967 767 1146 851 velim
1168 767 1353 844 magis
1373 786 1469 826 me
1486 765 1707 843 judicio
1729 769 1837 828 boo
1856 788 2031 844 quam
2050 776 2234 828 morte

248 857 480 921 ’inimici
509 863 814 922 laetatum.
893 860 1162 921 Primum
1189 862 1343 920 enim
1361 860 1583 938 judicio
1608 858 1802 922 ¹⁰malo
1828 883 2001 940 quam
2028 865 2234 942 gladio,

247 957 446 1017 deinde
487 959 684 1035 gloria
720 955 950 1035 11potius
988 957 1160 1017 amici
1187 976 1360 1033 quam
1388 958 1728 1017 calamitate.
1806 957 1879 1016 In
1918 960 2232 1036 primisque
2279 973 2312 1020 6

249 1068 335 1113 me
373 1053 697 1112 delectavit
738 1062 960 1112 tantum
993 1053 1249 1115 studium
1274 1053 1555 1111 bonorum
1582 1052 1642 1111 in
1668 1070 1763 1111 me
1790 1055 2077 1112 exstitisse
2103 1074 2234 1113 eon·-

248 1156 332 1209 tra
355 1149 766 1209 incredibilem
794 1148 1212 1210 contentionem
1238 1144 1583 1211 ”clarissimi
1610 1157 1668 1207 et
1697 1149 2077 1226 potentissimi
2102 1152 2231 1209 viri.

247 1242 300 1301 3.
337 1244 674 1317 Peon-eme,
700 1244 833 1323 (vix
859 1245 1172 1305 verisimile
1198 1243 1445 1305 fortasse
1462 1245 1773 1323 videaturQ
1798 1246 2033 1307 oderam
2051 1248 2233 1305 multo

246 1339 404 1416 pejus
445 1342 612 1402 hunc
640 1359 815 1417 quam
853 1342 1018 1401 illum
1057 1342 1244 1419 ipsum
1276 1339 1558 1403 Clodium.
1637 1341 1812 1401 Illum
1838 1343 1990 1401 enim
2016 1362 2234 1420 oppug-

244 1453 466 1507 naram,
490 1437 654 1496 huno
681 1435 1068 1499 defenderam.
1150 1437 1232 1496 Et
1257 1437 1371 1509 ille,
1391 1453 1571 1513 quum
1593 1436 1778 1496 omnis
1804 1456 1898 1497 res
1924 1437 2151 1515 publica
2169 1439 2229 1496 in
2248 1450 2310 1499 ιο

243 1549 369 1590 meo
396 1534 598 1609 eapite
629 1533 934 1592 discrimen
953 1541 1105 1592 esset
1131 1533 1416 1604 habitura,
1431 1552 1705 1610 magnum
1723 1533 1997 1609 quiddam
2013 1543 2231 1610 speeta-

244 1628 364 1697 vit3
401 1648 520 1691 nec
561 1647 670 1689 sua
708 1637 926 1705 sponte,
952 1628 1056 1689 sed
1095 1648 1295 1687 eorum
1322 1629 1559 1699 auxilio,
1585 1629 1704 1706 qui,
1727 1648 1823 1688 me
1848 1638 2050 1702 stante,
2076 1640 2232 1689 stare

242 1741 354 1783 non
383 1733 692 1800 poterant:
728 1724 825 1784 hie
851 1722 1108 1783 simiolus
1132 1721 1348 1783 ¹‘²¹a.nimi
1376 1743 1551 1783 eausa
1576 1742 1686 1795 me,
1712 1724 1771 1783 in
1796 1743 1969 1799 quem
1995 1725 2233 1783 invehe-

240 1828 421 1893 retur,
467 1819 765 1897 delegerat
804 1829 1284 1898 persuaseratque
1323 1820 1612 1878 nonnullis
1650 1820 1860 1879 invidis
1900 1820 2045 1878 meis
2081 1839 2143 1880 se
2168 1821 2231 1881 in

225 1934 336 1975 ‘me
363 1916 738 1976 emissarium
763 1934 993 1993 semper
1031 1915 1170 1980 fore.
1253 1915 1644 1990 Quamobrem
1674 1916 1843 1974 valde
1872 1914 2052 1992 jubeo
2089 1931 2308 1994 gau-16

242 2012 382 2073 dere
410 2021 516 2072 te:
562 2031 769 2091 magna
793 2032 888 2072 res
918 2022 1082 2092 gesta
1107 2022 1209 2072 est.
1288 2012 1628 2089 Numquam
1656 2011 1759 2070 ulli
1785 2011 2051 2071 fortiores
2075 2014 2231 2076 cives

239 2106 503 2179 filerunt,
532 2126 710 2183 quam
746 2109 850 2185 qui
889 2109 1015 2172 ausi
1054 2118 1187 2168 sunt
1222 2128 1356 2172 eum
1383 2118 1580 2167 eontra
1606 2117 1793 2168 tantas
1819 2126 1956 2183 opes
1984 2106 2127 2185 ejus,
2153 2106 2232 2176 “a

241 2224 360 2280 quo
405 2205 522 2282 ipsi
571 2204 706 2263 lecti
747 2204 980 2281 judiees
1030 2215 1210 2277 erant,
1256 2206 1653 2266 condemnare.
1737 2204 1909 2278 Quod
1962 2204 2233 2268 fecissent

241 2319 570 2377 nunquam,
596 2300 709 2357 nisi
747 2302 822 2360 iis
850 2300 1029 2360 dolori
1074 2320 1240 2361 meus
1283 2300 1488 2360 fuisset
1511 2301 1689 2358 dolor.
1770 2301 1824 2357 4.
1865 2299 1992 2359 Nos
2030 2301 2126 2361 hic
2164 2302 2227 2360 in

243 2395 626 2454 multitudine
653 2402 711 2452 et
747 2396 1074 2455 celebritate
1102 2395 1451 2472 judiciorum
1479 2404 1538 2454 et
1560 2395 1729 2453 novis
1754 2395 1980 2473 legibus
2007 2396 2089 2456 ita
2116 2396 2228 2456 dis·
2242 2408 2308 2458 20

245 2491 521 2560 themor,
549 2498 617 2548 ut
645 2491 895 2565 quotidie
921 2499 1058 2549 vota
1077 2489 1377 2559 faciamus,
1397 2487 1515 2549 1³⁵ne
1551 2489 1938 2562 intercaletur,
1964 2499 2028 2549 ut
2054 2510 2230 2567 quam

245 2586 503 2662 primum
531 2593 594 2648 te
622 2585 820 2644 videre
844 2587 1140 2663 possimus.

837 2912 1376 2977 EPISTOLA
1454 2915 1733 2976 XIX!

248 3070 375 3134 (Su.
390 3073 450 3124 in
470 3072 647 3123 itinere
669 3071 920 3122 exeun-is
939 3074 1004 3125 ad
1027 3072 1256 3140 Cybistra
1275 3074 1328 3126 in
1350 3073 1579 3128 Ciliciam
1593 3073 1758 3125 medio
1775 3073 1910 3140 Sept.
1928 3071 1997 3124 A,
2014 3071 2082 3123 U.
2099 3070 2158 3124 C.
2174 3072 2304 3135 703.)

584 3198 656 3248 A.
697 3196 764 3248 U.
798 3196 856 3249 C.
889 3200 996 3250 708.
1061 3200 1200 3252 Ante
1234 3201 1293 3254 C.
1329 3201 1394 3252 N.
1429 3206 1507 3252 51.
1570 3200 1712 3252 Anni
1748 3200 1854 3252 Cic.
1890 3204 1967 3249 56.

403 3325 546 3378 Ooss.
581 3326 719 3378 San.
758 3324 1057 3381 Summum
1090 3329 1303 3392 Eurus,
1336 3329 1413 3380 M.
1452 3329 1744 3382 Ouumus
1777 3328 2141 3379 macutus.

308 3468 469 3534 Quum
501 3471 770 3538 superiore
800 3483 931 3521 anno
961 3481 1162 3526 senatus
1184 3474 1410 3524 consulto
1432 3483 1638 3528 eentum
1656 3480 1798 3535 esset,
1820 3487 1885 3523 ne
1903 3470 2016 3535 quin
2036 3466 2317 3531 praetotius

248 3561 326 3612 m
339 3553 615 3612 consularis
641 3552 785 3601 intra
807 3551 1192 3617 quinquennium
1210 3557 1260 3605 in
1281 3556 1594 3619 provinciam
1616 3556 1721 3615 iret,
1744 3553 1902 3604 eoacti
1923 3555 2039 3602 sunt
2060 3547 2095 3596 ii
2117 3546 2317 3610 provin·
