2885 3782
703 396 874 440 coss.
915 396 1182 439 mur-r.
1223 396 1432 438 rame.
1474 396 1572 437 PL.
1613 395 1905 438 aarum.
2211 377 2322 436 811

259 555 542 632 judicium
570 566 831 617 vestrum
861 559 935 618 ad
975 579 1170 638 regem
1199 557 1424 617 deferre
1454 557 1662 616 debere
1691 557 1859 633 eique
1900 556 2250 633 praesidium

265 673 452 713 meum
481 664 542 713 et
568 656 748 713 fidem
778 664 836 713 ct
863 656 1214 733 diligentiam
1241 656 1513 732 polliceri,
1541 663 1621 726 ut,
1642 656 1913 729 quoniam
1941 654 2095 713 salus
2114 655 2251 730 ipsi-

265 760 344 817 us,
371 747 739 804 incolumitas
769 747 930 823 regni
971 747 1113 804 mihi
1141 746 1536 804 commendata
1570 753 1720 802 esset
1747 764 1784 802 a
1808 746 1990 815 vobiS,
2017 746 2248 817 diceret,

262 841 306 898 ni
344 842 483 917 quid
527 842 729 900 vellet.
811 842 867 899 5.
913 841 1080 916 Quae
1120 860 1300 919 quum
1340 860 1526 899 essem
1566 836 1647 897 'in
1688 841 1922 898 consilio
1959 860 2089 899 meo
2116 856 2248 899 cum

258 950 388 1013 rege
429 938 678 1007 locutus,
711 938 871 995 initio
911 937 1008 995 ille
1047 936 1319 994 orationis
1360 954 1502 994 suae
1528 936 1690 993 vobis
1731 936 2033 1007 maximas,
2061 946 2126 993 ut
2152 936 2250 994 de-
2296 950 2327 995 6

257 1029 389 1103 buit,
417 1033 635 1090 deinde
683 1033 857 1089 etiam
895 1032 1041 1089 mihi
1082 1031 1298 1108 gratias
1337 1031 1471 1106 egit,
1500 1031 1653 1106 quod
1694 1030 1747 1087 ei
1789 1049 2163 1106 permagnum
2190 1040 2249 1090 et

256 1127 750 1202 perhonorificum
772 1129 1091 1200 videbatur,
1122 1125 1182 1186 S.
1213 1126 1285 1184 P.
1316 1126 1389 1200 Q.
1421 1126 1495 1184 Β.
1524 1136 1717 1184 tantae
1745 1145 1919 1183 curae
1946 1145 2071 1185 esse
2100 1128 2249 1185 salu-

257 1230 368 1280 tem
394 1242 566 1282 snam
594 1242 812 1299 meque
841 1234 1059 1282 tantam
1085 1223 1442 1299 diligentiam
1471 1222 1761 1293 adhibere,
1783 1232 1845 1279 ut
1872 1231 1930 1281 et
1957 1242 2087 1280 mea
2107 1224 2248 1281 fides

258 1326 316 1375 et
352 1321 874 1378 commendationis
907 1330 1099 1378 vestra
1137 1319 1444 1377 auctoritas
1485 1318 1731 1394 perspici
1760 1328 1968 1394 posset.
2048 1314 2247 1393 Atque

255 1413 352 1472 ille
377 1416 589 1492 primo,
621 1416 776 1491 quod
817 1417 955 1474 mihi
985 1416 1275 1474 maximae
1301 1414 1554 1472 laetitiae
1582 1414 1706 1483 suit,
1733 1415 1813 1471 ita
1839 1430 2065 1472 mecum
2091 1404 2327 1474 locu-’1⁰

254 1517 343 1567 tus
369 1520 475 1581 est,
495 1522 574 1591 pt
601 1511 792 1569 nullas
819 1511 1056 1570 insidias
1101 1530 1291 1587 neque
1319 1511 1474 1568 vitae
1512 1529 1649 1568 suae
1678 1528 1865 1585 nequo
1894 1529 2072 1585 regno
2098 1508 2248 1567 dice·
2293 1495 2300 1503 ⁸

251 1617 340 1665 ret
363 1625 430 1665 se
471 1616 584 1665 ant
623 1607 943 1684 intelligere
971 1609 1098 1667 fleri
1124 1615 1226 1666 aut
1252 1608 1425 1665 etiam
1453 1607 1744 1682 suspicari.
1833 1605 2026 1680 Quum
2055 1624 2164 1681 ego
2191 1607 2246 1664 ei

249 1703 584 1778 gratulatus
630 1720 812 1760 essem
853 1705 1026 1781 idque
1066 1724 1160 1762 me
1202 1704 1458 1780 gaudere
1496 1703 1789 1779 dixissem,
1815 1703 2156 1772 cohortatus,
2184 1710 2248 1760 ut

249 1799 668 1858 recordaretur
688 1794 916 1857 ·⁸casum
955 1800 1122 1858 illum
1168 1799 1433 1857 interitus
1491 1799 1715 1874 paterni
1755 1807 1813 1855 et
1839 1798 2146 1873 vigilanter
2184 1814 2247 1856 se

247 1890 523 1956 tueretur
565 1902 742 1969 atque
768 1896 1057 1954 admonitu
1087 1906 1315 1955 senatus
1345 1895 1664 1953 consuleret
1692 1894 1861 1951 saluti
1891 1895 2046 1962 suae‚'
2066 1903 2187 1951 tum
2207 1912 2246 1952 a
2264 1909 2325 1954 15

248 2009 342 2050 me
367 1992 650 2050 discessit
679 1992 734 2047 in
756 1992 1023 2068 oppidum
1051 1990 1335 2069 Cybistra.
1421 1991 1475 2048 6.
1520 1990 1767 2048 Postero
1788 1999 1977 2047 autem
2001 1989 2095 2046 die
2115 2008 2247 2048 cum

247 2084 619 2158 ’Ariarathe‚
646 2087 820 2146 fratre
859 2108 979 2161 suo,
1007 2099 1067 2147 et
1094 2108 1225 2148 cum
1263 2089 1515 2165 paternis
1543 2089 1741 2146 amicis
1767 2086 2079 2161 majoribus
2106 2095 2246 2145 natu

251 2185 325 2244 ad
351 2203 454 2243 me
486 2185 550 2240 in
583 2193 766 2242 castra
795 2185 969 2257 venit,
1007 2186 1488 2261 perturbatusque
1518 2193 1578 2241 et
1604 2183 1764 2254 flenS,
1792 2201 1970 2257 quum
2008 2182 2162 2240 idem
2187 2189 2248 2241 et

252 2279 440 2340 frater
459 2279 687 2339 faceret
707 2289 765 2337 et
791 2281 976 2352 amici,
995 2299 1183 2338 meam
1209 2279 1398 2351 fldem,
1421 2291 1673 2337 vestram
1694 2280 2246 2337 commendationem

252 2376 576 2453 implorare
591 2375 793 2450 coepit.
880 2375 1076 2449 Quum
1096 2376 1430 2446 admirarer,
1447 2376 1586 2449 quid
1608 2375 1906 2432 accidisset
1925 2374 2079 2445 novi,
2095 2374 2246 2432 dixit
2260 2385 2326 2435 20

253 2474 326 2531 ad
351 2491 420 2530 ee
445 2472 668 2529 indicia
694 2471 1123 2530 manifestarum
1147 2472 1483 2529 insidiarum
1513 2491 1638 2530 esse
1665 2472 1869 2542 delata,
1887 2491 2032 2546 quae
2055 2479 2247 2531 essent

253 2577 387 2627 ante
429 2567 756 2626 adventum
795 2585 988 2624 meum
1027 2567 1325 2638 occultata,
1368 2568 1524 2643 quod
1570 2567 1629 2638 ii,
1665 2569 1764 2642 qui
1808 2586 1878 2625 ea
1921 2567 2245 2644 patefacere

251 2673 510 2741 possent,
551 2670 793 2738 propter
833 2671 1048 2720 metum
1088 2664 1486 2731 reticuissent3
1527 2682 1597 2721 eo
1626 2674 1816 2722 autem
1858 2673 2114 2739 tempore
2141 2681 2247 2740 spe

249 2761 362 2819 mei
389 2758 674 2837 praesidii
705 2758 1024 2833 complures
1046 2778 1133 2830 ea,
1156 2776 1305 2834 quae
1334 2759 1561 2831 scirent,
1591 2761 1864 2818 audacter
1890 2760 1965 2817 ad
1993 2780 2056 2818 se
2084 2760 2247 2818 detu-

249 2855 427 2925 lisse3
471 2854 536 2912 in
564 2853 635 2911 iis
663 2854 1112 2914 amantissimum
1140 2855 1245 2927 sui,
1274 2874 1499 2913 summa
1531 2858 1743 2932 pietate
1784 2857 2106 2932 praeditum
2132 2855 2245 2914 fra-
2259 2868 2325 2914 2⁵

249 2962 396 3012 trem
424 2952 628 3010 dicere
657 2968 747 3019 ea,
767 2967 918 3024 quae
944 2968 1036 3008 me
1065 2951 1113 3008 is
1142 2969 1369 3028 quoque
1400 2952 1673 3011 audiente
1694 2953 1937 3022 dicebat,
1958 2972 2020 3010 se
2041 2952 2249 3009 sollici-

248 3057 434 3106 tntum
462 3064 612 3115 esse,
635 3055 700 3102 ut
728 3062 973 3119 regnare
1003 3043 1213 3114 vellet3
1254 3047 1313 3104 id
1343 3047 1480 3104 vivo
1507 3047 1686 3106 fratre
1715 3068 1818 3105 suo
1845 3048 2104 3123 accipere
2133 3063 2245 3104 non

248 3145 545 3221 potuisse3
586 3160 651 3201 se
694 3150 891 3198 tamen
933 3151 1064 3200 ante
1105 3143 1248 3201 illud
1290 3154 1516 3220 tempus
1555 3163 1685 3203 eam
1714 3164 1835 3201 rem
1864 3160 2159 3218 nunquam
2186 3142 2246 3198 in

248 3242 502 3300 medium
532 3247 776 3315 propter
806 3236 1043 3312 periculi
1063 3251 1279 3300 metum
1300 3243 1626 3320 protulisse.
1714 3242 1877 3317 Quae
1894 3259 2074 3318 quum
2097 3247 2249 3296 esset

248 3335 485 3407 lemtim,
512 3333 717 3392 monui
745 3350 965 3406 regem,
993 3345 1056 3394 ut
1082 3357 1311 3396 omnem
1339 3339 1698 3414 diligentiam
1720 3339 1794 3396 ad
1823 3358 1885 3396 se
1906 3352 2247 3395 conservan-
2262 3343 2337 3389 30

248 3432 378 3492 dum
417 3433 753 3500 adhiberet,
787 3432 1110 3511 amicosque
1143 3439 1320 3512 patris
1359 3436 1485 3512 ejus
1513 3449 1688 3513 atque
1715 3438 1810 3493 avi
1838 3433 2090 3511 ¹⁰judicio
2118 3448 2247 3505 pro-

249 3529 398 3590 batos
438 3531 711 3587 hortatus
769 3545 918 3598 sum,
957 3533 1109 3608 regis
1151 3533 1239 3590 sui
1281 3534 1462 3591 vitam
1504 3533 1655 3592 docti
1704 3551 1837 3590 casu
1879 3525 2246 3589 acerbissimo
