2885 3782
974 419 1173 462 unna
1211 417 1528 470 Quam-us.
1551 453 1558 460 ,
2164 398 2274 457 127

239 597 389 654 quam
425 599 530 656 per
555 580 962 657 exploratores
1004 587 1231 655 pontem
1273 577 1398 637 fieri
1425 578 1853 655 comperissent,
1881 583 2068 638 more·
2093 597 2198 636 suo

239 675 448 732 concilio
477 676 695 746 habito,
722 675 960 733 nuncios
988 675 1049 732 in
1076 693 1273 731 omnes
1300 684 1496 750 partes
1517 674 1817 746 dimisisse,
1837 675 1923 732 uti
1949 676 2022 732 de
2039 679 2199 751 oppl-

237 768 308 826 dis
332 770 741 847 demigrarent,
765 771 996 842 liberos,
1023 788 1235 828 uxores
1262 776 1484 844 suaque
1508 771 1703 828 omnia
1739 770 1801 827 in
1839 771 1999 829 silvis
2027 771 2198 846 depo-

236 875 412 924 nerent
454 877 631 941 atque
674 885 893 937 omnes,
921 865 1023 941 qui
1049 884 1213 924 arma
1252 863 1404 923 ferro
1431 875 1681 941 possent,
1707 886 1885 924 unum
1915 868 1973 924 in
2012 866 2198 924 locum

233 964 616 1020 convenirent:
668 962 836 1020 hunc
878 979 1006 1019 esse
1051 960 1337 1019 delectum
1389 958 1665 1019 ¹medium
1716 961 1840 1020 sere
1892 964 2190 1039 regionum
2249 976 2277 1021 ὅ

230 1074 439 1128 eurum,
478 1077 627 1134 quas
679 1057 862 1118 Suevi
902 1057 1259 1116 obtinerent:
1319 1057 1415 1116 hic
1461 1056 1853 1117 Romanorum
1889 1059 2200 1117 adventum

228 1149 576 1229 ¹exspectare
627 1165 804 1230 atque
853 1150 957 1213 'ibi
1006 1154 1301 1214 decertare
1353 1155 1749 1236 ‘constituisse
1853 1150 2053 1231 Quod‘¹
2100 1156 2203 1214 ubi

234 1246 436 1308 Caesar
462 1250 768 1333 comperit,
794 1251 1055 1312 omnibus
1082 1250 1254 1308 rebus
1280 1250 1371 1308 his
1398 1249 1688 1335 confectis,
1714 1270 1960 1327 quarum
1985 1249 2201 1309 ⁴rerum

228 1363 418 1405 caussa
443 1347 755 1404 traducere
783 1351 1097 1405 exercitum
1126 1347 1513 1417 constituerat,
1531 1346 1621 1405 ‘ut
1651 1347 1960 1406 Germanis
1984 1357 2200 1405 metum

200 1438 493 1515 ,injiceren
512 1453 583 1499 ut
614 1440 939 1517 Sigambros
978 1438 1390 1513 “ulcisceretur,
1410 1452 1475 1500 ut
1501 1442 1684 1502 Ubios
1709 1438 2023 1502 'obsidione
2058 1444 2201 1501 libo-
2219 1455 2279 1502 ιο

192 1543 199 1552 '
227 1548 386 1610 taret,
401 1539 620 1596 diebus
647 1548 874 1596 omnino
904 1538 1102 1597 decem
1130 1547 1190 1595 et
1212 1547 1341 1596 octo
1357 1548 1514 1596 trans
1546 1538 1817 1597 Rhenum
1839 1540 2202 1615 consumptis,

225 1626 368 1694 ‘eatis
414 1644 476 1693 et
517 1634 599 1691 ad
640 1632 865 1691 laudem
908 1634 1067 1693 etad
1097 1635 1397 1692 utilitatem
1441 1633 1758 1711 profectum
1785 1635 2110 1706 arbitratus,
2136 1655 2201 1693 se

226 1729 277 1786 in
304 1727 569 1790 Galliam
600 1730 815 1805 recepit
842 1740 1192 1807 pontemque
1222 1730 1469 1788 rescidit.

293 1824 445 1884 XX.
535 1825 779 1902 Exigua
814 1831 1003 1903 parte·
1040 1826 1275 1884 aestatis
1314 1826 1555 1902 nuqua,
1598 1824 1829 1900 Caesar,
1865 1830 1972 1886 etsi
2007 1827 2068 1886 in
2109 1828 2200 1886 his

226 1920 369 1996 loeis,
395 1923 559 2000 quod
586 1923 770 1981 omnis
795 1922 992 1983 Gallia
1011 1924 1087 1982 ad
1114 1923 1529 1998 septentriones
1548 1925 1750 2000 vergit,
1771 1921 2048 1983 human-ae
2069 1934 2202 1983 sunt
2220 1939 2280 1984 1⁸

229 2018 449 2091 hiemes,
478 2030 678 2077 tamen
706 2020 766 2075 in
796 2019 1158 2077 Britanniam
1200 2018 1482 2094 proficisci
1511 2020 1817 2092 contendit,
1842 2021 1996 2095 quod
2022 2021 2204 2078 omni-

228 2114 323 2173 bns
360 2115 485 2174 sere
535 2113 776 2175 Gallicis
816 2111 1008 2174 bellis*
1051 2115 1306 2173 hostibus
1347 2115 1557 2173 nostris
1593 2112 1748 2173 ²inde
1775 2116 2204 2176 subministrata

230 2211 435 2270 auxilia
472 2210 870 2285 intelligebam
913 2219 988 2282 et,
1015 2211 1065 2268 si
1094 2219 1325 2285 tempus
1353 2211 1491 2267 anni
1517 2210 1594 2268 ad
1634 2212 1849 2269 bellum
1885 2214 2202 2289 gerendum

230 2303 504 2378 deficeret,
547 2315 744 2363 tamen
787 2325 996 2382 magno
1037 2307 1169 2364 sibi‘
1199 2306 1353 2363 usur
1380 2304 1505 2364 fore
1531 2308 1934 2381 arbitrabatur,
1959 2308 2009 2367 si
2034 2310 2202 2367 modo

232 2399 489 2462 ἰιιελὶὶιιω*ἰ
516 2402 740 2461 adisset
764 2412 822 2460 et
849 2421 1031 2479 genus
1060 2402 1358 2460 hominum
1386 2404 1791 2479 perspexisset,
1817 2405 1960 2477 loca,
1987 2386 2282 2481 por-tusum

234 2497 423 2557 sdlms·
491 2498 875 2573 cognovisset⁶
899 2520 916 2567 3
959 2517 1109 2573 quae
1139 2498 1335 2557 omnia
1353 2497 1476 2557 fere
1502 2498 1690 2558 Gallis
1710 2510 1875 2558 erant
1895 2501 2197 2577 incognita.

236 2590 427 2670 Neque
469 2594 633 2652 enim
679 2588 913 2652 'temere
957 2604 1189 2671 praeter
1219 2605 1564 2654 mercatores
1589 2594 1712 2653 ⁴illo
1736 2597 2205 2672 adit‘quisquam,

239 2706 406 2765 neque
429 2688 542 2748 ‘his
572 2690 715 2766 ipsis
744 2691 1054 2765 quidquam
1084 2700 1316 2766 praeter
1341 2710 1506 2749 oram
1531 2692 1877 2750 maritlmam
1904 2703 2076 2769 atque
2104 2712 2202 2752 eas
2253 2770 2258 2775 Φ

240 2787 500 2862 regiones,
526 2805 683 2862 quae
725 2796 858 2845 sunt
900 2798 1098 2848 contra
1129 2787 1373 2861 Gallias,
1398 2799 1597 2848 notum
1637 2797 1740 2847 est.
1820 2788 2044 2866 Itaque,
2070 2810 2204 2848 evo·

244 2882 363 2939 atis
385 2883 457 2941 ad
484 2902 549 2941 se
578 2882 837 2957 undlque
863 2885 1292 2957 mercatoribus,
1317 2904 1511 2961 neque
1536 2895 1753 2962 quauta
1778 2881 1952 2943 essetf
1979 2886 2202 2944 insulae
2217 2899 2283 2947 25

242 2980 566 3055 magnitudo,
612 2997 804 3053 neque
849 2998 995 3054 quae
1026 2989 1129 3038 aut
1155 2993 1407 3057 quantae
1432 2983 1692 3041 nationes
1718 2977 2075 3053 incolerent,‘
2105 3001 2206 3040 ne·

246 3089 337 3145 que
359 3072 548 3152 ‘quem
596 3094 768 3133 usum
812 3076 945 3135 belli
988 3074 1292 3137 haberent!
1324 3089 1426 3137 aut
1451 3080 1660 3153 quibus
1688 3076 1958 3153 institutis
1980 3087 2205 3136 uteren-

248 3167 353 3241 tur,¹
369 3192 554 3249 neque
640 3172 743 3247 qui
797 3170 1004 3231 essent‘
1046 3174 1122 3233 ad
1164 3174 1452 3250 majorum
1499 3174 1735 3233 navium
1780 3174 2208 3232 multitudiuem

249 3264 408 3327 idonei
435 3281 649 3346 portae,
684 3271 943 3345 reperire
974 3281 1217 3349 poterat.

311 3362 474 3424 XXI.
552 3366 658 3425 Ad
700 3366 853 3423 haec
878 3369 1284 3445 cognoscenda,
1312 3368 1656 3445 priusquam
1693 3368 2014 3442 periculum
2055 3366 2208 3424 face-
2223 3378 2305 3428 8⁸
