2885 3782
824 453 952 497 rao
995 452 1057 507 Q.
1099 417 1393 508 nomm,
1437 452 1578 496 oar.
1622 452 1710 494 v1.
2170 435 2286 495 793

243 609 362 673 “C.
394 610 624 683 caesar,
653 632 793 672 cave
820 614 1098 691 ignoscas,
1125 632 1266 672 cave
1303 623 1360 672 te
1399 612 1644 672 fratrum
1680 632 1784 690 pro
1811 612 2000 671 fratris
2030 614 2211 673 salute

243 710 656 768 obsecrantium
679 709 991 780 misereat,”
1019 727 1208 768 nonne
1233 709 1461 767 omnem
1483 709 1895 767 humanitatem
1922 708 2213 769 exuisses?

247 804 475 881 Quanto
503 806 610 864 hoc
635 807 849 878 duriuS,
877 807 1029 882 quod
1072 826 1174 864 nos
1211 806 1364 864 domi
1397 802 1684 882 “petimus,
1712 806 1771 864 id
1798 816 1853 864 te
1882 808 1940 864 in
1969 807 2090 866 soro
2116 828 2215 885 op-

243 919 498 979 pugnare
525 913 585 961 et
611 904 672 960 in
700 903 800 960 tali
826 903 1059 961 miseria
1085 901 1394 960 multorum
1433 901 1755 979 perfugium
1793 904 2215 963 misericordiae
2281 959 2284 968 ,

244 995 490 1057 tollere?
574 999 665 1056 15.
709 998 914 1058 Dieam
953 998 1143 1075 plane,
1173 995 1403 1070 Caesar,
1437 999 1591 1075 quod
1628 1000 1826 1057 sentio.
1911 1001 1974 1061 Si
2010 1003 2071 1058 in
2110 1002 2217 1059 hac
2263 1014 2294 1059 5

245 1101 405 1152 tanta
427 1102 531 1152 tua
555 1093 782 1153 fortuna
809 1093 1012 1152 lenitas
1037 1103 1199 1153 tanta
1224 1114 1337 1152 non
1374 1105 1541 1166 esset,
1569 1112 1741 1171 quam
1771 1105 1830 1154 tu
1860 1092 1985 1174 'per
2010 1107 2086 1168 te,
2112 1116 2218 1173 per

245 1199 317 1260 te,
341 1189 597 1264 inquam,
625 1190 861 1260 obtineat,
893 1188 1195 1266 (intellige,
1224 1190 1362 1265 quid
1389 1189 1636 1268 loquar,)
1668 1192 2030 1250 acerbissimo
2056 1193 2215 1250 luctu

243 1283 590 1344 redundaret
614 1285 725 1343 ista
751 1284 1003 1344 victoria.
1087 1285 1278 1361 Quam
1304 1286 1473 1345 multi
1497 1286 1868 1356 enimssssent
1895 1289 1965 1345 de
1994 1288 2219 1345 victori-

243 1384 365 1454 bus,
421 1381 521 1458 qui
564 1392 631 1440 *te
684 1383 974 1441 crudelem
1025 1399 1151 1442 esse
1204 1384 1435 1456 vellent,
1491 1403 1671 1459 quum
1716 1385 1887 1442 etiam
1933 1383 2008 1442 de
2055 1385 2218 1442 victis

244 1478 641 1556 reperiantur!
681 1498 854 1555 quam
895 1479 1075 1552 multi,
1106 1476 1306 1557 ⁸quum
1343 1500 1380 1538 a
1416 1491 1474 1539 te
1499 1482 1712 1558 ignosci
1739 1482 1950 1539 nemini
1986 1482 2213 1550 vellent,
2237 1491 2300 1539 10

242 1576 587 1653 impedirent
613 1576 972 1634 clementiam
1000 1585 1173 1648 tuam,
1201 1596 1379 1653 quum
1406 1579 1582 1636 etiam
1609 1578 1666 1649 ii,
1688 1578 1895 1654 quibus
1920 1578 2042 1653 ipse
2065 1577 2221 1654 igno-

245 1673 395 1743 visti,
423 1672 608 1729 nolint
637 1682 691 1728 te
720 1688 846 1730 esse
873 1672 931 1729 in
958 1672 1099 1730 alios
1127 1672 1553 1730 misericordem
1576 1670 1602 1729 Ρ
1686 1673 1777 1730 16.
1825 1671 1993 1746 Quod
2018 1673 2064 1729 si
2093 1689 2223 1746 pro·

244 1769 384 1828 bare
415 1765 654 1827 Caesari
680 1785 972 1843 possemus
999 1767 1060 1826 in
1079 1768 1284 1826 Africa
1311 1767 1609 1844 Ligarium
1636 1769 1864 1825 omnino
1893 1786 2005 1826 non
2030 1766 2222 1836 fuisse,

244 1866 295 1924 si
319 1865 564 1942 honesto
590 1872 649 1923 et
673 1864 1022 1924 misericordi
1048 1864 1347 1923 mendacio
1384 1863 1558 1922 saluti
1593 1863 1707 1921 civi
1739 1864 2067 1922 calamitoso
2098 1875 2224 1921 esse

245 1962 547 2031 vellemus,
592 1969 785 2019 tamen
831 1960 1073 2019 hominis
1119 1978 1233 2018 non
1281 1970 1432 2019 esset
1477 1959 1538 2017 in
1585 1969 1744 2018 tanto
1790 1959 2114 2018 ‘discrimine
2160 1968 2221 2017 et
2243 1968 2306 2017 15

245 2059 507 2137 periculo
548 2057 687 2115 civis
727 2056 986 2116 refellere
1027 2065 1087 2115 et
1131 2057 1479 2133 redarguere
1526 2066 1783 2114 nostrum
1828 2056 2228 2135 mendacium}

245 2164 327 2225 et,
353 2155 405 2212 si
445 2162 597 2213 esset
632 2153 886 2229 aiicujus,
914 2153 1038 2229 ejus
1078 2162 1232 2212 certe
1271 2171 1383 2212 non
1421 2161 1588 2224 esset,
1614 2153 1717 2228 qui
1742 2152 1801 2209 in
1828 2152 2028 2211 eadem
2056 2169 2229 2211 eausa

245 2260 312 2311 et
356 2250 586 2309 fortuna
622 2248 837 2308 finisset.
941 2247 1058 2309 Sed
1107 2258 1296 2309 tamen
1343 2249 1502 2308 aliud
1548 2257 1636 2307 est
1676 2266 1871 2307 errare
1922 2245 2227 2306 Caesarem

249 2347 423 2419 nolle,
466 2342 622 2405 aliud
663 2347 814 2404 nolle
859 2346 1137 2404 misereri
1234 2345 1401 2405 Tunc
1449 2346 1702 2403 diceres:
1760 2349 1793 2379 “
1818 2340 2048 2415 Caesar,
2088 2360 2231 2405 eave

249 2443 491 2503 credas:
531 2442 642 2500 suit
680 2443 740 2499 in
779 2441 1021 2510 Africa3
1062 2442 1193 2500 tulit
1229 2458 1392 2501 arma
1429 2451 1630 2502 contra
1669 2441 1776 2500 te.''
1873 2440 2047 2499 Nunc
2086 2436 2225 2516 quid
2244 2451 2312 2500 20

248 2537 447 2598 dicis?
528 2542 560 2572 “
585 2537 743 2596 Cave
769 2537 1078 2614 ignoscas.”
1160 2536 1328 2596 Haec
1366 2552 1475 2596 nec
1515 2536 1758 2595 hominis
1798 2554 1905 2595 nec
1942 2536 2018 2595 ad
2057 2536 2237 2593 homi·

248 2654 390 2696 nem
419 2653 537 2692 vox
564 2642 685 2692 est:
727 2652 843 2709 qua
868 2633 969 2708 qui
995 2633 1149 2709 apud
1177 2641 1250 2701 te,
1283 2631 1350 2694 C.
1382 2632 1612 2703 Caesar,
1640 2634 1838 2704 utitur,
1864 2651 2029 2691 suam
2065 2632 2234 2692 citius

249 2731 488 2809 abjiciet
512 2730 923 2789 humanitatem
952 2744 1127 2805 quam
1153 2732 1522 2805 extorquebit
1547 2739 1724 2787 tuam.

280 2824 288 2833 ’
337 2827 450 2887 VI.
535 2826 627 2885 17.
670 2826 762 2884 Ac
797 2825 1014 2901 primus
1045 2821 1254 2884 ¹aditus
1292 2834 1352 2884 et
1383 2824 1689 2902 postulatio
1717 2825 2037 2903 Tuberonis
2072 2824 2237 2897 haec,

248 2932 324 2985 ut
363 2924 579 3000 opinor,
618 2922 743 2991 suit,
784 2922 934 2980 velle
974 2938 1037 2980 se
1077 2920 1149 2979 de
1189 2919 1261 2995 Q.
1292 2920 1511 2996 Ligarii
1551 2920 1767 2991 scelere
1808 2922 2013 2979 dicere.
2092 2920 2229 2979 Non
2250 2933 2314 2980 26

249 3022 472 3092 dubito,
496 3018 635 3096 quin
665 3019 974 3077 admiratus
1001 3017 1094 3087 sis,
1121 3017 1216 3075 vel
1254 3017 1405 3092 quod
1432 3014 1505 3074 de
1532 3012 1688 3073 nullo
1725 3016 1837 3074 alio
1866 3014 2235 3097 [quisquam]

248 3117 357 3178 vel
396 3118 548 3192 quod
588 3115 656 3183 is,
696 3116 797 3190 qui
833 3114 896 3172 in
941 3113 1144 3173 eadem
1185 3132 1359 3171 causa
1399 3112 1614 3181 fuisset,
1655 3112 1752 3169 vel
1791 3112 2062 3187 quidnam
2103 3112 2237 3171 novi

249 3211 561 3295 [sceleris]
614 3209 860 3269 afferret.
965 3208 1166 3269 Seelus
1212 3216 1274 3266 tu
1324 3208 1466 3267 illud
1516 3225 1702 3278 vocas,
1749 3206 2028 3266 Tubero?
2090 3206 2238 3267 cur?

247 3310 382 3371 Isto
434 3309 590 3368 enim
643 3308 873 3366 nomine
917 3308 1021 3366 illa
1065 3305 1254 3364 adhuc
1302 3324 1474 3365 causa
1511 3302 1713 3362 caruit.
1815 3303 1937 3361 Alii
1988 3323 2240 3364 errorem
2402 3312 2425 3351 ¹

247 3407 548 3446 annullant
627 3400 719 3446 nm
789 3404 1080 3446 nmen-ame
1149 3401 1246 3446 cuii
1315 3401 1527 3447 ‹lm-3112-
1586 3416 1761 3446 snam-
1830 3397 2323 3446 ²manirliffnmmffnn
