2885 3782
594 409 714 470 304
1251 424 1605 469 musromm
1644 424 2009 471 cionaoms.

673 585 1006 646 venationes
1040 586 1211 645 binae
1247 604 1353 664 per
1387 588 1511 646 dies
1547 587 1816 662 quinque,
1832 587 2170 665 magnificae
2202 584 2398 664 (nemo
2424 588 2650 664 negag)

673 681 776 739 sed
801 698 951 756 quae
989 690 1177 757 potest
1202 682 1416 739 homini
1442 700 1568 741 esse
1594 682 1772 758 polito
1799 682 2118 753 delectatio,
2145 699 2325 757 quum
2352 690 2454 740 aut
2479 680 2656 742 homo

672 776 988 835 imbecillus
1008 794 1046 835 a
1070 772 1503 835 ”valentissima
1521 778 1707 836 bestia
1724 777 1989 848 laniatur,
2016 786 2116 835 aut
2142 777 2442 853 praeclara
2466 778 2657 837 bestia

672 873 958 931 venabulo
973 871 1510 931 transverberatur?
1540 871 1706 946 Quae
1724 880 1931 945 tamen,
1939 869 2031 931 ¹‘'si
2050 873 2299 930 videnda
2313 883 2463 945 sunt,
2478 890 2657 950 saepe

621 981 654 1028 6
674 967 899 1037 vidisti;
937 986 1128 1043 neque
1171 986 1292 1039 nos,
1318 968 1419 1042 qui
1452 964 1637 1026 ”haec
1680 978 2020 1044 spectamus,
2047 968 2362 1043 quidquam
2404 970 2541 1027 novi
2572 968 2656 1025 vi-

671 1062 879 1120 dintus.
959 1060 1274 1119 Extremus
1301 1059 1779 1137 ”elephantorum
1798 1061 1919 1119 dies
1948 1062 2089 1130 fuit3
2128 1062 2188 1118 in
2209 1080 2324 1137 quo
2348 1063 2658 1122 admiratio

672 1176 884 1233 magna
904 1157 1062 1233 vulgi
1087 1168 1259 1232 atque
1285 1158 1509 1229 turbae,
1528 1144 1829 1216 delectatio
1854 1158 2016 1216 nulla
2041 1158 2277 1218 exstitit.
2362 1157 2527 1233 Quin
2553 1160 2657 1218 eti-

670 1273 767 1312 am
794 1253 1184 1311 misericordia
1203 1253 1488 1329 quaedam
1516 1263 1821 1313 consecuta
1841 1264 1930 1313 est
1948 1263 2123 1332 atque
2143 1256 2338 1332 opinio
2356 1255 2657 1331 ejusmodi,

672 1366 799 1409 esse
826 1349 1115 1425 quandam
1141 1349 1225 1406 ini
1251 1349 1458 1408 beluae
1485 1366 1617 1408 eum
1643 1368 1857 1426 genere
1883 1350 2135 1409 humano
2160 1352 2509 1411 societatem.

597 1458 659 1507 ιο
755 1448 810 1503 4.
855 1445 967 1503 His
992 1463 1101 1521 ego
1129 1455 1320 1504 tamen
1346 1445 1567 1519 diebus,
1596 1447 1747 1506 ludis
1776 1449 2027 1519 scenicis,
2053 1464 2130 1506 ne
2158 1447 2302 1507 forte
2331 1449 2537 1507 videar
2551 1450 2657 1509 tibi

669 1561 787 1601 non
814 1542 982 1600 modo
1008 1542 1228 1614 beatus,
1255 1542 1357 1600 sed
1384 1542 1533 1600 liber
1562 1545 1792 1602 omnino
1816 1544 2010 1616 fuisse,
2036 1544 2228 1621 dirupi
2254 1562 2350 1602 me
2376 1563 2569 1621 paene
2596 1546 2658 1604 in

662 1637 884 1715 judicio
928 1634 1086 1696 Galli
1129 1636 1376 1711 Caninii,
1420 1637 1720 1698 familiaris
1761 1641 1860 1698 tui.
1960 1638 2179 1715 Quodsi
2218 1648 2338 1698 tam
2378 1638 2659 1702 2faei1em

671 1735 946 1812 populum
985 1735 1275 1808 haberem,
1301 1755 1474 1813 quam
1503 1737 1770 1812 Aesopus
1796 1735 2015 1808 habuit,
2053 1737 2297 1795 libenter
2321 1737 2658 1797 mehercule

672 1840 859 1889 artem
897 1829 1236 1904 desinerem,
1266 1841 1571 1909 tecumque
1600 1843 1660 1891 et
1683 1850 1816 1891 cum
1848 1832 2128 1890 similibus
2166 1832 2349 1890 nostri
2374 1834 2658 1891 viverem.

596 1943 658 1991 16
675 1928 828 1987 Nam
857 1945 949 1986 me
975 1924 1192 2004 2⁴quum
1221 1940 1394 1988 antea
1419 1930 1701 2000 taedebat,
1728 1947 1907 2004 quum
1932 1937 1992 1987 et
2017 1938 2178 1988 aetas
2204 1937 2263 1987 et
2288 1930 2534 1989 ambitio
2560 1948 2659 1989 me

672 2027 1008 2085 hortabatur
1034 2035 1094 2085 et
1119 2026 1327 2086 licebat
1353 2027 1620 2102 denique,
1646 2044 1820 2102 quem
1859 2026 2142 2097 nolebam,
2167 2044 2283 2084 non
2323 2026 2659 2099 defendere,

669 2133 794 2181 tum
824 2141 961 2182 vero
999 2123 1107 2182 hoc
1134 2132 1392 2199 tempore
1421 2122 1542 2181 vita
1567 2119 1769 2180 ²²¹·nulla.
1794 2129 1897 2179 est.
1978 2121 2190 2197 Neque
2217 2122 2375 2179 enim
2401 2121 2660 2181 fructum

663 2219 857 2277 ullum
899 2219 1109 2278 laboris
1157 2227 1447 2295 exspecto,
1493 2203 1553 2276 et
1594 2236 1766 2294 oogor
1802 2233 2208 2292 nonnunquam
2248 2217 2515 2276 homines
2540 2236 2657 2278 non

665 2319 887 2395 'optime
914 2317 987 2376 de
1014 2335 1109 2375 me
1136 2317 1368 2374 meritos
1395 2323 1598 2391 rogatu
1626 2332 1839 2384 eorum,
1866 2313 1966 2388 qui
1994 2314 2140 2371 bene
2165 2313 2359 2370 meriti
2386 2323 2542 2385 sunt,
2561 2315 2658 2373 de·

595 2412 928 2475 zofendere.
1011 2411 1067 2470 5.
1108 2412 1316 2489 Itaque
1357 2429 1575 2487 quaero
1615 2427 1816 2469 causas
1852 2427 2053 2468 omnes
2080 2407 2391 2484 aliquando
2419 2411 2657 2469 vivendi

671 2503 950 2569 arbitratu
974 2527 1136 2581 meo,
1165 2519 1337 2586 teque
1366 2517 1425 2566 et
1452 2507 1620 2564 istam
1646 2506 1924 2564 rationem
1950 2505 2054 2564 otii
2080 2505 2166 2563 tui
2193 2514 2254 2563 et
2279 2505 2457 2564 laudo
2483 2507 2659 2565 vehe-

665 2619 895 2666 menter
920 2618 977 2666 et
1005 2606 1200 2683 probo,
1228 2604 1498 2680 quodque
1524 2619 1628 2659 nos
1653 2602 1840 2658 minus
1862 2600 2169 2672 intel-visis,
2186 2600 2295 2660 hoc
2312 2600 2443 2660 fero
2464 2603 2657 2662 animo

671 2704 960 2778 aequiore,
987 2702 1158 2778 quod,
1185 2701 1236 2759 si
1271 2699 1493 2758 Romae
1521 2715 1691 2769 esses,
1718 2705 1910 2754 tamen
1937 2701 2129 2771 neque
2164 2713 2268 2754 nos
2310 2696 2517 2772 lepore
2542 2707 2656 2769 tuo,

667 2815 859 2874 ¹neque
887 2807 962 2870 te,
989 2799 1038 2855 si
1063 2797 1164 2873 qui
1192 2795 1366 2856 estin
1391 2812 1504 2864 me,
1528 2811 1659 2851 meo
1686 2791 1801 2849 frui
1826 2791 2025 2850 liceret
2064 2800 2300 2868 propter
2325 2793 2660 2852 molest-imi·

591 2903 797 2952 nemas
824 2894 1224 2970 occupationes
1250 2907 1446 2957 mea83
1488 2887 1695 2962 quibus
1720 2886 1770 2944 si
1791 2903 1885 2943 me
1905 2885 2188 2958 relaxaro,
2210 2885 2464 2963 (nam,ut
2483 2888 2657 2965 plane

667 2988 988 3060 exsolvam,
1015 3006 1128 3046 non
1155 2983 1422 3065 postulo,)
1457 2993 1513 3042 te
1539 2984 1745 3059 ipsum,
1765 2982 1865 3057 qui
1890 2981 2099 3039 multos
2126 3000 2305 3040 annos
2327 2982 2479 3041 nihil
2499 2982 2656 3043 aliud

669 3085 1089 3156 commentaris,
1131 3084 1347 3142 docebo
1394 3079 1665 3157 profecto,
1709 3078 1849 3154 quid
1894 3077 1970 3135 sit
2011 3071 2387 3135 ”humaniter
2434 3080 2656 3138 vivere.

671 3177 768 3237 Tu
805 3181 949 3238 mihi
986 3180 1156 3239 modo
1193 3180 1364 3239 istam
1389 3176 1839 3236 imbecillitatem
1864 3172 2208 3231 valetudinis
2235 3183 2373 3231 tuae
2394 3185 2659 3234 sustenta

673 3283 735 3333 et
783 3286 964 3348 tuere,
1005 3286 1071 3335 ut
1109 3275 1272 3347 facis,
1315 3285 1380 3334 ut
1425 3283 1651 3332 nostras
1692 3271 1860 3329 villas
1898 3269 2063 3327 obire
2102 3276 2163 3326 et
2207 3286 2441 3328 mecum
2482 3269 2655 3330 simul

593 3368 934 3430 ooleeticula
971 3387 1312 3456 concursare
1351 3370 1551 3447 possis.
1632 3367 1687 3425 6.
1732 3366 1898 3424 Haeo
1936 3363 2015 3434 ad
2053 3371 2112 3422 te
2150 3364 2415 3439 pluribus
2458 3366 2654 3426 verbis

673 3466 887 3517 sci-insi-
926 3486 1098 3517 annm
1141 3467 1312 3517 anim.
1353 3484 1465 3517 nnn
1509 3464 1609 3517 otii
1649 3461 2015 3518 abundantia.
2040 3459 2144 3517 sed
2170 3461 2386 3517 amoris
2407 3477 2553 3517 ema
2578 3471 2655 3517 ta.
