2885 3782
789 465 918 509 ruo
963 466 1030 510 u.
1070 465 1444 522 nuscum,
1487 465 1630 510 car.
1670 466 1763 509 xx.
2181 450 2298 509 787

248 634 308 685 et
332 626 529 686 castris
557 626 1020 696 dissedebamus;
1060 635 1188 686 erat
1217 627 1373 686 enim
1403 624 1741 687 'obscuritas
1767 628 2071 702 quaedam,
2096 639 2222 688 erat

248 731 539 780 certamen
581 722 729 780 inter
754 722 1093 780 clarissimos
1135 722 1345 780 duces:
1385 721 1550 779 multi
1579 722 1932 791 dubitabant,
1959 724 2095 798 quid
2122 743 2222 800 op-

248 816 450 876 timum
487 825 654 884 esset,
696 816 858 873 multi
901 815 1041 891 quid
1087 815 1197 874 sibi
1242 816 1562 893 expediret,
1588 817 1753 874 multi
1795 818 1935 892 quid
1974 819 2220 889 deceret,

247 911 503 971 nonnulli
551 912 724 969 etiam
765 911 900 987 quid
941 911 1154 969 liceret.
1236 911 1332 970 31.
1376 910 1691 971 Pei-functa
1732 931 1824 971 res
1866 915 2093 989 publica
2132 924 2218 973 est

246 1008 355 1066 hoc
381 1008 591 1064 misero
630 1005 902 1082 fatalique
942 1006 1096 1064 bello
1117 1027 1132 1064 ε
1153 998 1316 1066 ⁸vicit
1362 1008 1428 1078 is,
1457 1008 1555 1083 qui
1596 1027 1710 1066 non
1740 1008 1968 1070 fortuna
1996 1009 2214 1070 inflam-
2264 1024 2296 1070 6

247 1114 435 1162 maret
461 1104 655 1161 odium
684 1121 867 1174 suum,
896 1103 994 1160 sed
1030 1103 1281 1161 bonitate
1308 1102 1552 1172 leniret3
1593 1123 1699 1163 nec
1728 1105 1826 1180 qui
1855 1125 2066 1176 omues,
2094 1106 2217 1180 qui·

247 1201 354 1258 bus
401 1199 581 1257 iratus
622 1207 788 1270 esset,
833 1191 1062 1256 eosdem
1114 1195 1352 1279 [etiam]
1396 1199 1600 1257 exsilio
1648 1213 1749 1259 aut
1794 1212 1975 1259 morte
2017 1202 2216 1277 dignos

251 1294 558 1373 judicaret.
639 1294 825 1352 Arma
855 1291 948 1352 ⁴ab
984 1294 1111 1351 aliis
1148 1295 1346 1370 posita,
1375 1295 1449 1353 ab
1485 1295 1612 1352 aliis
1654 1307 1850 1372 erepta
1886 1307 2035 1355 sunt.
2120 1295 2217 1353 In-

249 1405 448 1470 gratus
488 1400 578 1449 est
603 1388 956 1466 injustusque
983 1389 1145 1462 civis,
1174 1391 1271 1466 qui
1306 1410 1596 1450 armorum
1635 1393 1888 1469 periculo
1929 1393 2217 1462 liberatuS,

248 1489 503 1548 animum
532 1498 720 1545 tamen
761 1487 971 1545 retinet
1005 1498 1306 1559 armatum,
1333 1497 1398 1545 ut
1424 1488 1597 1545 etiam
1638 1488 1735 1545 ille
1763 1489 1964 1546 melior
1990 1488 2077 1558 sit,
2105 1488 2201 1562 qui
2236 1499 2297 1546 ιθ

248 1584 309 1643 in
357 1585 481 1643 acie
529 1584 748 1654 cecidit,
775 1581 876 1658 qui
923 1584 982 1640 in
1032 1602 1206 1642 causa
1246 1585 1498 1642 animam
1543 1584 1830 1660 profudit3
1871 1603 2018 1659 quae
2065 1584 2217 1641 enim

249 1681 568 1758 pertinacia
605 1679 965 1756 quibusdam,
1006 1679 1208 1737 eadem
1247 1680 1376 1738 aliis
1422 1679 1739 1739 constantia
1786 1681 1968 1737 videri
2016 1689 2217 1756 potest.

251 1778 348 1836 32.
393 1776 509 1837 Sed
530 1776 653 1853 jam
679 1777 861 1835 omnis
881 1775 1062 1834 fracta
1078 1776 1351 1834 dissensio
1378 1786 1469 1834 est
1498 1779 1689 1847 armis»,
1716 1778 2000 1835 exstincta
2026 1776 2222 1851 acqui-

249 1884 371 1934 tate
400 1874 664 1932 victoris:
705 1880 882 1932 restat
922 1882 987 1930 ut
1025 1890 1223 1930 omnes
1257 1889 1436 1930 unum
1463 1872 1660 1944 velint,
1690 1873 1790 1949 qui
1818 1873 1984 1931 modo
2010 1872 2224 1931 habent
2372 1856 2420 1915 9

251 1972 471 2047 aliquid
499 1991 611 2028 non
634 1971 818 2029 solum
841 1970 1172 2047 sapientiae,
1194 1970 1294 2028 sed
1319 1970 1491 2028 etiam
1512 1971 1784 2028 sanitatis.
1863 1968 2015 2027 ‘Nisi
2045 1982 2117 2041 te,
2143 1968 2208 2029 O.
2240 1982 2301 2028 15

255 2066 489 2138 Caesar,
518 2068 679 2125 salvo
705 2075 762 2124 et
788 2067 849 2123 in
876 2067 986 2125 ista
1023 2065 1321 2137 sententia,
1348 2084 1464 2141 qua
1491 2085 1666 2141 quum
1694 2077 1878 2136 antea,
1905 2076 2027 2124 tum
2056 2066 2223 2124 hodie

251 2163 351 2221 vel
398 2163 651 2220 maxime
703 2181 838 2219 usus
893 2179 973 2232 es,
1027 2154 1310 2232 manente,
1359 2161 1503 2218 salvi
1561 2180 1687 2219 esse
1740 2180 1854 2219 non
1908 2179 2224 2237 possumus-

254 2258 455 2335 Quare
483 2277 679 2317 omnes
705 2267 781 2329 te,
808 2258 908 2333 qui
932 2245 1106 2314 ‘haec'
1124 2255 1286 2314 salva
1311 2275 1437 2315 esse
1467 2256 1746 2328 volumus,
1774 2267 1832 2315 et
1858 2258 2153 2315 hortamur
2167 2265 2228 2314 et

249 2357 637 2424 obsecramus,
663 2363 729 2411 ut
754 2354 909 2411 vitae
937 2361 1069 2410 tuae
1096 2361 1153 2411 et
1181 2352 1350 2411 saluti
1377 2353 1654 2420 consulite,
1681 2371 1990 2429 omnesque
2021 2353 2136 2424 tibi,
2164 2361 2243 2415 ut.

253 2471 362 2529 pro
389 2451 516 2509 aliis
543 2450 714 2508 etiam
742 2451 960 2526 loquar,
988 2449 1140 2524 quod
1166 2449 1240 2508 de
1279 2468 1372 2507 me
1409 2450 1533 2526 ipse
1560 2451 1761 2521 sentio,
1789 2451 2056 2526 quoniam
2084 2450 2217 2507 sub-
2243 2460 2308 2507 20

239 2540 387 2606 'esse
414 2546 630 2622 aliquid
657 2555 843 2622 putas»,
872 2545 1026 2620 quod
1067 2545 1386 2603 cavendum
1414 2546 1504 2617 sit,
1531 2565 1644 2603 non
1673 2546 1839 2603 modo
1868 2546 2140 2603 excubias
2167 2553 2229 2603 et

254 2642 561 2711 custodiaS,
587 2641 689 2700 sed
715 2642 890 2700 etiam
917 2641 1161 2699 laterum
1187 2650 1511 2699 nostrorum
1530 2641 1823 2718 oppositus
1842 2652 1901 2700 et
1927 2659 2232 2717 corporum

255 2740 611 2818 pollicemur.

205 2830 210 2835 ’
342 2834 459 2893 ΧΙ.
542 2835 636 2892 33.
675 2832 817 2894 ¹Sed
843 2843 924 2905 ut,
953 2832 1105 2892 unde
1132 2842 1219 2892 ωε
1244 2852 1392 2902 orsa,
1418 2834 1480 2892 in
1514 2834 1715 2893 eodem
1743 2835 2081 2891 terminetur
2106 2850 2232 2890 ora-

256 2932 358 3004 tio,
384 2932 666 2990 maximas
712 2932 815 2988 tibi
856 2949 1054 2989 omnes
1094 2930 1308 3006 gratias
1349 2930 1589 3006 agimus,
1620 2928 1686 2987 C.
1719 2928 1950 3000 Caesar,
1978 2926 2218 3002 majores
2245 2938 2310 2985 25

257 3029 437 3087 etiam
463 3029 757 3086 habemus·
823 3027 978 3085 Nam
1006 3045 1204 3085 omnes
1228 3025 1379 3083 idem
1402 3026 1671 3095 sentiunt,
1694 3026 1845 3100 quod
1874 3044 1949 3081 ex
1977 3024 2232 3081 omnium

259 3126 526 3203 precibus
568 3132 629 3182 et
670 3124 916 3182 lacrimis
943 3123 1155 3182 sentire
1183 3122 1454 3198 potuisti;
1494 3121 1594 3179 sed
1623 3123 1762 3196 quia
1800 3139 1911 3177 non
1941 3130 2031 3176 est
2056 3106 2250 3176 omui-⁴

256 3222 370 3279 bus
394 3218 697 3279 'stantibus
738 3238 970 3279 necesse
998 3217 1208 3290 dicere,
1233 3213 1293 3275 ⁸a
1317 3235 1412 3273 me
1441 3224 1596 3274 certe
1623 3215 1736 3274 dici
1765 3215 1979 3283 volunt,
2008 3215 2098 3271 cui
2138 3230 2237 3269 ne·

261 3334 421 3377 cesse
451 3327 542 3377 est
568 3317 1000 3393 quodammodo,
1026 3314 1111 3373 ⁴et
1137 3315 1291 3391 quod
1329 3313 1456 3371 fieri
1483 3313 1666 3381 decet,
1697 3311 1782 3369 M.
1814 3309 2093 3367 Marcello
2118 3328 2152 3366 a
2179 3315 2237 3365 te

260 3414 394 3473 huic
409 3413 597 3473 ordini
627 3412 945 3488 populoque
975 3409 1240 3471 Romano
1260 3419 1321 3468 et
1345 3410 1431 3467 rei
1460 3406 1724 3484 publicae
1752 3404 1987 3471 reddito,
2009 3403 2134 3460 fieri
2170 3401 2228 3457 id
2254 3410 2321 3459 80

260 3512 520 3548 {nffnllinn
625 3507 772 3548 Num
803 3507 998 3548 leoboni
1054 3525 1251 3548 nmnne
1297 3523 1409 3548 nnn
1460 3505 1532 3548 εἷο
1577 3502 1750 3548 ἱὶηἷιὶα
1797 3499 1995 3548 mlum-
2024 3499 2122 3548 Sed
2171 3496 2243 3548 de
