2885 3782
564 341 681 400 310
1218 355 1574 399 arma-om
1612 343 1980 400 cremona.

660 579 749 638 M.
789 579 1080 640 Tuums
1121 580 1209 638 M.
1254 580 1326 638 F.
1372 579 1622 640 emano
1665 581 1953 641 Paocos.
1996 578 2057 641 S.
2099 579 2175 638 P.
2217 579 2295 638 D.
2340 577 2531 639 Coss.

1062 675 1344 734 Pnaar‘r.
1386 675 1613 734 Tmen.
1657 676 1772 771 Pr..
1818 675 2120 736 Sanum.

725 806 778 861 1.
818 801 904 863 ¹8.
933 804 1010 862 V.
1037 803 1114 861 V.
1142 804 1216 861 Β.
1244 804 1318 862 Ε.
1348 804 1422 862 Ε.
1454 803 1527 878 Q.
1558 803 1636 862 V.
1720 803 1913 878 Quum
1942 805 2126 881 pridie
2164 805 2417 865 Kalend.
2458 806 2625 867 Sext.

641 899 702 956 in
726 896 1103 975 ²provinciam
1129 900 1415 957 venissem
1446 916 1633 973 neque
1673 900 1953 957 maturius
1994 910 2230 976 propter
2265 902 2538 959 itinerum
2566 911 2629 960 et

640 996 1072 1073 navigationum
1114 995 1504 1053 difficultatem
1530 995 1730 1053 venire
1764 997 2090 1071 potuissem,
2117 997 2376 1055 maxime
2416 1016 2628 1056 conve-

639 1090 768 1148 nire
795 1090 975 1148 officio
1002 1108 1133 1148 meo
1172 1092 1373 1165 reique
1414 1089 1678 1166 publicae
1705 1091 2022 1149 conducere
2052 1093 2268 1167 putavi,
2297 1112 2507 1169 parare
2538 1112 2626 1165 ea,

587 1200 620 1247 6
640 1204 790 1262 quae
830 1187 906 1245 ad
946 1187 1265 1245 exercitum
1304 1204 1569 1261 quaeque
1609 1185 1682 1244 ad
1735 1205 1859 1244 rem
1898 1187 2208 1246 militarem
2248 1191 2624 1264 pertinerent.

642 1282 810 1357 Quae
837 1302 1018 1358 quum
1045 1292 1236 1342 essent
1260 1302 1299 1341 a
1321 1301 1417 1341 me
1447 1301 1585 1342 cura
1609 1284 1793 1360 magis
1819 1292 1879 1342 et
1903 1284 2204 1360 diligentia
2227 1304 2403 1360 quam
2443 1285 2627 1344 faeni·

640 1392 759 1439 tate
782 1391 839 1438 et
865 1382 1030 1457 copia
1056 1381 1376 1452 constituta,
1402 1380 1705 1456 nuntiique
1727 1390 1787 1439 et
1810 1381 2037 1439 litterae
2057 1382 2130 1439 de
2152 1382 2302 1440 bello
2322 1401 2361 1439 a
2385 1383 2627 1441 Parthis

640 1476 699 1534 in
745 1477 1099 1553 provinciam
1148 1475 1379 1555 Syriam
1427 1476 1587 1534 illato
1638 1477 1891 1551 quotidie
1936 1475 2058 1534 sere
2106 1477 2475 1550 afferrentur,
2515 1480 2629 1537 iter

639 1573 781 1628 mihi
807 1570 1130 1630 faciendum
1170 1589 1276 1647 per
1315 1570 1670 1648 Lycaoniam
1698 1580 1757 1629 et
1784 1584 1888 1648 per
1913 1571 2148 1629 Isauros
2175 1581 2234 1630 et
2259 1592 2367 1649 per
2395 1572 2628 1651 Cappa-

564 1679 627 1729 10
643 1667 862 1726 dociam
903 1668 1210 1725 arbitratus
1240 1686 1382 1725 sum.
1466 1666 1615 1724 Erat
1640 1668 1793 1725 enim
1820 1685 2030 1744 magna
2055 1669 2320 1744 suspicio,
2356 1668 2627 1743 Parthos,

641 1765 692 1822 si
717 1783 795 1822 ex
825 1762 1000 1841 Syria
1026 1763 1222 1840 egredi
1262 1773 1437 1838 atque
1465 1763 1789 1840 irrumpere
1815 1763 1875 1820 in
1912 1782 2101 1822 meam
2144 1766 2504 1841 provinciam
2532 1785 2627 1825 oo-

640 1870 931 1930 narentur,
948 1860 1061 1919 iter
1076 1856 1197 1919 ³eos
1221 1877 1327 1936 per
1356 1857 1798 1937 Cappadociam,
1820 1860 1975 1935 quod
2002 1879 2071 1919 ea
2098 1860 2352 1920 maxime
2381 1872 2627 1938 pateret,

640 1977 767 2016 esse
794 1957 1058 2016 facturos.
1142 1957 1198 2013 2.
1235 1956 1446 2031 Itaque
1486 1975 1618 2014 cum
1644 1956 1903 2014 exercitu
1934 1976 2038 2032 per
2062 1954 2467 2033 Cappadociae
2496 1977 2627 2035 par-

639 2061 757 2111 tem
785 2072 932 2120 eam,
958 2069 1107 2128 quae
1134 2070 1266 2110 cum
1296 2050 1500 2111 Cilicia
1541 2052 1834 2109 continens
1874 2061 1977 2123 est,
2018 2053 2129 2110 iter
2164 2052 2292 2126 feci,
2317 2064 2625 2142 castraque

564 2162 627 2211 ιδ
641 2150 717 2208 ad
756 2146 1040 2225 Cybistra,
1068 2148 1222 2223 quod
1260 2148 1533 2223 oppidum
1575 2158 1662 2205 est
1701 2147 1776 2205 ad
1809 2157 2061 2206 montem
2088 2148 2369 2220 Taurum,
2396 2150 2625 2218 locavig

639 2252 706 2303 ut
745 2243 1081 2314 Artuasdes,
1120 2262 1230 2300 rex
1268 2243 1601 2312 Armenius,
1629 2261 1971 2319 quocunque
2011 2245 2204 2302 animo
2236 2253 2406 2316 esset,
2434 2247 2625 2318 sciret,

638 2359 753 2398 non
795 2337 994 2415 procul
1032 2358 1070 2396 a
1109 2340 1226 2396 suis
1267 2338 1474 2396 finibus
1517 2339 1835 2396 exercitum
1875 2339 2070 2415 populi
2114 2339 2364 2399 Romani
2392 2360 2540 2413 esse,
2564 2349 2623 2400 et

645 2435 1002 2506 Deiotarum,
1028 2434 1417 2493 fidelissimum
1448 2453 1640 2511 regem
1670 2445 1843 2510 atque
1871 2436 2277 2494 amicissimum
2306 2437 2395 2494 rei
2438 2438 2623 2514 publi·

640 2550 742 2590 eae
782 2543 1024 2602 nostrae,
1050 2529 1325 2588 ⁴maxime
1365 2528 1731 2605 conjunctum
1772 2531 2059 2602 haberem,
2087 2529 2249 2607 cujus
2289 2543 2349 2590 et
2385 2535 2621 2593 oonsilio

560 2637 701 2691 aoet
726 2629 928 2705 opibus
967 2627 1231 2704 adjuvari
1273 2635 1465 2703 posset
1492 2645 1582 2683 res
1612 2627 1860 2703 publica.
1940 2627 1997 2683 3.
2041 2626 2173 2700 Quo
2200 2646 2379 2703 quum
2406 2630 2470 2686 in
2498 2630 2619 2688 loco

639 2734 827 2783 castra
853 2724 1124 2782 haberem
1153 2724 1586 2799 equitatumque
1608 2724 1666 2780 in
1694 2721 1951 2781 Ciliciam
1974 2725 2271 2796 misissem,
2294 2737 2357 2784 ut
2376 2737 2439 2785 et
2458 2746 2618 2786 mens

639 2821 920 2879 adventus
939 2820 1010 2878 iis
1032 2820 1373 2890 civitatibus,
1391 2838 1543 2895 quae
1565 2820 1622 2876 in
1646 2838 1716 2878 ea
1730 2829 1893 2896 parte
1910 2829 2116 2890 essent,
2132 2822 2431 2880 nuntiatus
2446 2824 2619 2880 firmi-

637 2935 766 2975 ores
805 2917 1023 2974 animos
1058 2916 1312 2974 omnium
1353 2914 1571 2972 faceret
1607 2923 1668 2973 et
1693 2932 1800 2990 ego
1826 2924 2065 2986 mature,
2094 2916 2230 2990 quid
2258 2929 2535 2993 ageretur
2556 2920 2615 2976 in

642 3007 828 3089 Syria,
875 3012 1023 3069 scire
1071 3029 1314 3088 possem,
1361 3019 1587 3085 tempus
1627 3009 1749 3083 ejus
1790 3010 1981 3081 tridui,
2008 3012 2159 3085 quod
2200 3012 2259 3068 in
2303 3012 2375 3070 iis
2416 3013 2615 3071 castris

560 3107 923 3178 25morabar,
949 3108 1009 3163 in
1049 3125 1257 3183 magno
1297 3106 1479 3164 officio
1521 3115 1579 3162 et
1618 3105 1939 3162 necessario
1965 3106 2107 3162 mihi
2146 3107 2475 3181 ponendum
2514 3126 2615 3183 pu·

639 3203 778 3263 tavi.
857 3204 913 3260 4.
956 3202 1152 3276 Quum
1193 3203 1347 3261 enim
1385 3200 1603 3259 ‘vestra
1629 3200 1936 3260 auctoritas
1965 3200 2392 3274 intercessisset,
2419 3213 2484 3261 nt
2508 3221 2614 3279 ego

639 3318 841 3376 regem
905 3301 1362 3360 Ariobarzanem
1427 3295 1722 3356 “Euseben
1791 3307 1851 3354 et
1905 3295 2372 3356 Philoromaeum
2424 3309 2615 3357 tuerer

640 3395 877 3472 ejusque
905 3398 1057 3473 regis
1083 3397 1342 3465 salutem,
1361 3396 1835 3455 incolumitatem·
1854 3411 2209 3469 regnumque
2231 3393 2613 3463 defenderem,

640 3493 763 3570 regi
791 3511 1082 3571 regnoque
1110 3492 1393 3569 praesidio
1415 3509 1600 3550 essem
1622 3512 1639 3557 3
1680 3488 2202 3564 adjunxissetisque
2224 3489 2468 3546 salutem
2491 3488 2613 3564 ejus

559 3591 794 3667 aoregis
835 3590 1043 3668 populo
1083 3588 1422 3663 senatuique
1461 3604 1707 3663 magnae
1747 3604 1918 3644 curae
1957 3603 2098 3655 esse,
2127 3585 2283 3660 quod
2316 3585 2475 3644 nullo
2513 3603 2617 3641 un-

640 3704 814 3762 quam
840 3686 914 3744 de
952 3703 1089 3760 rege
1115 3684 1406 3741 decretum
1433 3690 1584 3739 esset
1609 3700 1648 3738 a
1671 3689 1863 3738 nostro
1888 3680 2127 3754 ι’]ὶίηος
2167 3679 2494 3739 existimavi
2520 3698 2617 3738 me
