2885 3782
510 362 642 421 m
1164 374 1523 419 ms‘ronu
1560 374 1925 421 mutuom

1055 632 1597 696 EPISTOLA
1675 633 2017 694 XXIV-⁴¹

877 793 1005 859 (Ser.
1026 791 1296 843 ffinmrnis
1318 792 1472 843 vm.
1494 792 1611 843 Kal.
1633 791 1778 842 Febr.
1799 793 1869 843 A.
1891 792 1958 845 U.
1983 791 2044 846 C.
2069 795 2200 859 70⁵.)

508 934 801 1000 Tamus
842 896 1220 997 'rumina
1260 954 1341 996 ΕΤ
1382 937 1609 998 rum
1648 938 1966 1012 Tannus,
2008 940 2279 1001 Domus
2321 941 2571 1003 Am

589 1036 757 1108 Sms,
798 1052 876 1093 m
921 1034 1170 1095 Cmnno
1209 1032 1436 1091 Mum
1476 1032 1790 1107 Ora-mn,
1830 1034 2273 1097 Suswssnmn·
2314 1036 2573 1099 Sonom

589 1130 651 1191 S.
693 1131 767 1189 P.
811 1131 887 1188 D.

670 1262 723 1317 1.
766 1257 831 1319 Si
852 1277 956 1317 vos
976 1257 1198 1328 valeti3‚
1217 1276 1321 1315 nos
1342 1256 1618 1316 valemus.
1700 1258 1976 1319 vostrum
1994 1259 2120 1338 jam
2140 1262 2442 1322 eonsilium
2469 1272 2570 1332 est,

585 1375 701 1415 non
740 1340 925 1414 solum
961 1372 1171 1426 meum,
1198 1353 1336 1428 quid
1365 1355 1438 1411 sit
1466 1356 1628 1413 vobis
1655 1354 1996 1415 faciendum.
2080 1356 2145 1417 Si
2168 1355 2288 1418 ¹ille
2318 1358 2571 1418 Romam

586 1452 843 1510 modeste
871 1459 1148 1508 venturus
1191 1458 1294 1520 aet,
1321 1459 1478 1507 reete
1519 1451 1579 1507 in
1607 1453 1935 1528 praesentia
1962 1454 2115 1512 domi
2143 1473 2267 1514 esse
2294 1457 2572 1532 potestis;

585 1550 674 1607 sin
719 1548 889 1605 homo
930 1564 1130 1603 amens
1173 1545 1555 1621 diripiendam
1598 1549 1802 1606 urbem
1845 1549 2083 1608 daturus
2123 1559 2226 1622 est,
2254 1570 2484 1623 vereor,
2509 1562 2572 1610 ut

535 1662 567 1708 s
585 1643 916 1705 'Dolabella
955 1643 1079 1719 ipse
1122 1643 1259 1700 satis
1285 1643 1449 1701 nobis
1479 1644 1747 1721 prodesse
1777 1645 1971 1720 possit.
2053 1646 2245 1705 Etiam
2272 1647 2421 1706 illud
2448 1666 2567 1707 me-

586 1754 703 1813 tuo,
728 1758 803 1799 ne
835 1738 960 1815 jam
986 1737 1450 1807 interclude-mur,
1479 1749 1560 1810 ut,
1586 1757 1763 1814 quum
1791 1741 1983 1799 velitis
2020 1742 2199 1814 exire,
2224 1762 2340 1801 non
2382 1744 2568 1803 lieeat.

589 1838 901 1913 Reliquum
930 1842 1032 1906 est,
1059 1835 1214 1911 quod
1243 1834 1402 1912 ipsae
1431 1836 1647 1912 optime
1680 1835 2123 1911 oonsiderabitis,
2151 1839 2328 1898 vestri
2355 1841 2568 1901 similes

586 1939 835 1998 feminae
862 1938 1049 1996 sintne
1091 1934 1332 1993 Romae.
1419 1930 1485 1992 Si
1517 1933 1671 1992 enim
1698 1952 1813 1992 non
1841 1943 1990 2004 sunt,
2016 1930 2347 1995 ⁸videndum
2376 1947 2482 2010 est,
2509 1950 2570 1996 ut

586 2037 824 2095 honeste
855 2053 956 2092 vos
985 2050 1111 2091 aese
1151 2030 1393 2109 possitis.
1483 2028 1782 2103 Quomodo
1808 2032 2039 2106 quidem
2080 2052 2232 2092 nune
2259 2053 2322 2093 se
2350 2054 2447 2094 res
2473 2037 2570 2095 ha-

513 2135 703 2204 lubet,
749 2131 918 2190 modo
965 2138 1031 2186 ut
1073 2128 1218 2186 haee
1261 2126 1423 2185 nobis
1470 2125 1596 2184 loca
1643 2135 1840 2185 tenere
1888 2126 2074 2200 liceat,
2099 2126 2430 2190 ‘bellissime
2479 2131 2567 2191 vel

586 2250 816 2290 meeum
861 2228 958 2286 vel
1004 2227 1065 2284 in
1111 2225 1320 2284 nostris
1369 2224 1621 2302 praediis
1652 2242 1788 2288 ‘esse
1834 2225 2110 2300 poteritis.
2191 2225 2389 2283 Etiam
2430 2225 2568 2286 illud

586 2329 904 2388 verendum
932 2335 1033 2398 est,
1061 2345 1135 2383 ne
1160 2323 1326 2383 brevi
1356 2331 1613 2397 tempore
1643 2320 1825 2379 fames
1852 2322 1912 2378 in
1933 2322 2075 2380 urbe
2093 2322 2182 2380 sit.
2264 2322 2320 2380 2.
2364 2322 2483 2383 His
2501 2323 2567 2382 de

586 2425 758 2484 rebus
787 2424 963 2482 velim
1003 2441 1134 2481 eum
1177 2417 1518 2494 Pomponio,
1547 2435 1678 2474 cum
1712 2414 1974 2485 Camillo,
2014 2435 2143 2475 eum
2172 2417 2380 2492 quibus
2408 2420 2567 2478 vobis

587 2522 891 2593 videbitur,
920 2516 1305 2579 consideretis.
1390 2514 1491 2572 Ad
1519 2531 1819 2584 summam,
1845 2512 2034 2570 animo
2060 2510 2195 2570 forti
2234 2512 2378 2571 sitis.
2460 2512 2570 2572 La-

511 2631 573 2678 15
588 2619 794 2678 bienus
827 2615 975 2675 “rem
1015 2616 1312 2674 meliorem
1351 2610 1504 2672 feeit.
1587 2607 1853 2684 Adjuvat
1891 2608 2065 2666 etiam
2104 2606 2263 2679 Piso,
2303 2607 2459 2683 quod
2496 2610 2567 2668 ab

587 2716 731 2774 urbe
773 2715 1015 2775 diseedit
1058 2722 1118 2772 et
1159 2710 1391 2771 sceleris
1431 2706 1775 2766 condemnat
1821 2701 2118 2782 ‘generum
2158 2695 2342 2762 suum.
2430 2703 2568 2778 Vos,

586 2832 751 2873 meae
778 2814 1106 2873 eun-issimus
1132 2811 1378 2880 animae,
1407 2823 1583 2881 quam
1627 2802 1958 2879 saepissime
1999 2802 2077 2860 ad
2109 2820 2204 2859 me
2231 2801 2483 2874 scribite,
2508 2812 2569 2860 et

587 2929 690 2968 vos
717 2911 853 2986 quid
895 2909 1078 2986 agatis
1120 2917 1178 2965 et
1217 2904 1357 2980 quid
1396 2901 1526 2960 istie
1551 2908 1777 2976 agatur.
1864 2895 2112 2972 Quintus
2139 2907 2307 2974 pater
2332 2907 2394 2960 et
2416 2897 2568 2956 filius

587 3016 646 3066 et
669 3003 884 3066 'Rufus
912 3005 1073 3065 vobis
1101 3002 1343 3062 salutem
1370 2999 1584 3057 dicunt.

507 3113 574 3162 ²0
667 3103 893 3161 Valete.
975 3099 1151 3160 VIII.
1184 3094 1434 3156 Kalend.
1466 3093 1642 3152 Febr.
1670 3090 2003 3151 Minturnis.

1238 3267 1278 3308 t
1296 3264 1387 3318 Ad
1404 3262 1550 3315 Fam.
1567 3259 1722 3312 xlv,
1748 3264 1823 3312 14.
