2885 3782
996 441 1296 489 nmmo
1337 442 1607 488 raocos.
2205 420 2319 487 801

255 597 465 676 Itaque
508 620 692 677 quum
734 603 1017 663 sententia
1055 605 1243 681 prima
1284 604 1482 665 Bibuli
1537 606 1914 681 pronunciata
1969 613 2138 678 esset,
2180 613 2247 663 ιιι

253 702 370 755 tres
409 695 593 773 legati
635 694 858 774 ⁴regem
897 700 1276 769 reducerent;
1316 701 1568 761 secunda
1605 699 1920 773 Hortensii,
1938 710 2005 761 ut
2029 710 2092 759 tu
2121 702 2244 760 sine

255 792 516 850 exercitu
560 794 907 863 reduceres3
946 796 1119 855 tertia
1145 795 1409 868 Volcatii,
1448 804 1513 855 ut
1553 794 1866 872 Pompeius
1906 797 2242 856 reduceret:

244 889 605 962 postulatum
627 900 734 961 est,
759 900 821 948 ut
849 889 1046 949 Bibuli
1072 888 1378 950 ‘sententia
1396 891 1765 951 divideretur.
1854 891 2151 967 Quatenus
2170 893 2245 950 de

252 977 551 1059 ‘religione
595 984 844 1057 dicebat,
873 986 965 1044 cui
1004 986 1092 1046 rei
1124 985 1251 1063 jam
1278 986 1477 1046 obsisti
1502 1005 1618 1046 non
1646 996 1885 1064 poterat,
1915 988 2129 1047 Bibulo
2153 1007 2245 1047 as·
2289 1001 2322 1048 5

253 1097 484 1140 sensum
509 1093 645 1152 est3
686 1084 763 1143 de
789 1085 970 1144 tribus
995 1085 1202 1162 legatis
1227 1081 1580 1161 'frequentes
1606 1086 1796 1145 ierunt
1822 1085 1882 1143 in
1903 1086 2017 1144 alia
2035 1086 2242 1145 omnia.

254 1177 312 1237 2⁴
349 1178 646 1239 Proxima
683 1189 813 1241 erat
854 1180 1151 1243 Hortensii
1188 1182 1488 1253 sententia,
1514 1200 1693 1258 quum
1733 1181 1953 1258 Lupus,
1978 1176 2249 1243 tribunus

254 1272 347 1349 pL,
372 1276 530 1350 quod
572 1276 706 1352 ipse
734 1277 807 1334 de
849 1276 1130 1354 Pompeio
1159 1274 1508 1349 ⁸rettulisset,
1533 1274 1855 1337 ⁹intendere
1882 1278 2087 1354 coepit,
2111 1289 2245 1339 ante

255 1387 317 1428 se
336 1380 613 1446 oportere
634 1372 1037 1433 discessionem
1064 1374 1258 1433 faeere
1279 1362 1453 1451 quam
1476 1375 1751 1433 consules.
1833 1372 1980 1449 Ejus
2000 1373 2244 1431 orationi

255 1467 637 1525 vehementer
666 1469 742 1527 ab
769 1471 1030 1529 omnibus
1057 1471 1431 1531 reclamatum
1460 1480 1583 1539 est3
1624 1479 1750 1529 erat
1775 1471 1929 1529 enim
1958 1479 2015 1527 et
2041 1470 2243 1545 iniqua
2261 1481 2324 1531 10

257 1570 316 1618 et
339 1581 511 1621 nova.
604 1561 883 1623 Consules
910 1584 1098 1642 neque
1128 1567 1518 1626 concedebant
1541 1585 1732 1642 neque
1760 1566 1930 1625 valde
1957 1583 2245 1641 repugna-

254 1656 415 1728 bant,
434 1658 598 1717 diem
625 1660 878 1717 consumi
907 1662 1209 1730 volebant;
1248 1662 1311 1720 id
1330 1663 1484 1739 quod
1506 1662 1841 1720 estfactum.
1921 1660 2246 1736 Perspicie-

259 1751 401 1810 bant
440 1754 704 1811 enimin
747 1754 1040 1814 Hortensii
1079 1758 1420 1817 sententiam
1457 1752 1694 1815 1⁰multis
1750 1756 2009 1832 partibus
2050 1755 2245 1831 plures

254 1849 462 1922 ituros,
489 1868 842 1926 quamquam
880 1862 1076 1929 aperte
1103 1851 1369 1913 Volcatio
1396 1853 1849 1926 assentirentur„
1907 1851 2085 1911 Multi
2110 1846 2246 1918 Πιο-Ι

256 1946 575 2021 gabe-ntur,
614 1956 786 2021 atque
825 1948 884 2006 id
921 1949 1110 2025 ipsum
1149 1949 1477 2009 consulibus
1513 1949 1747 2016 invitis3
1784 1968 1920 2007 nam
1960 1948 2003 2006 ii
2046 1947 2240 2006 Bibuli
2262 1960 2319 2011 15

257 2042 615 2100 sententiam
644 2043 836 2101 valere
873 2046 1193 2121 cupierunt.
1274 2044 1330 2103 3.
1372 2044 1508 2103 Hac
1533 2046 1921 2104 controversia
1960 2062 2142 2119 usque
2166 2044 2247 2106 ad

256 2147 497 2195 noctem
537 2137 723 2209 ducta,
760 2148 987 2197 senatus
1028 2140 1331 2209 dimissus3
1399 2149 1460 2199 et
1498 2159 1605 2217 ego
1646 2159 1715 2197 eo
1754 2139 1847 2196 die
1902 2158 2037 2197 casu
2091 2138 2245 2215 apud

259 2231 618 2308 Pompeium
665 2235 903 2292 coenavi
948 2245 1263 2312 nactusque
1309 2246 1536 2312 tempus
1591 2236 1702 2294 hoe
1748 2236 1930 2311 magis
1973 2234 2248 2293 idoneum

253 2347 446 2405 quam
472 2347 729 2405 unquam
752 2339 939 2400 antea,
955 2331 1108 2407 quod
1136 2341 1262 2409 post
1285 2342 1452 2390 tuum
1479 2331 1790 2390 discessum
1818 2332 1867 2389 is
1896 2331 2018 2388 dies
2044 2331 2249 2388 hones-

257 2425 523 2484 tissimus
563 2426 726 2484 nobis
766 2425 955 2484 fuerat
993 2428 1054 2485 in
1095 2435 1314 2499 senatu,
1354 2429 1437 2487 ita
1479 2446 1607 2486 sum
1635 2446 1765 2486 cum
1791 2428 1891 2485 illo
1915 2427 2154 2497 locutus,
2181 2435 2329 2486 utzo

256 2521 410 2579 mihi
437 2521 671 2579 viderer
709 2522 964 2582 animum
997 2522 1242 2581 hominis
1269 2524 1343 2582 ab
1370 2522 1526 2581 omni
1555 2522 1669 2580 alia
1696 2521 2033 2598 cogitatione
2059 2521 2134 2579 ad
2160 2529 2251 2577 tu-

256 2637 360 2677 am
401 2617 744 2693 dignitatem
783 2619 1053 2677 tuendam
1092 2619 1410 2678 traducere.
1495 2618 1685 2693 Quem
1712 2636 1819 2693 ego
1854 2617 2043 2692 ipsum
2071 2634 2251 2691 quum

255 2716 454 2786 audio,
478 2733 718 2790 prorsus
745 2734 877 2773 eum
905 2715 1085 2774 libero
1111 2718 1266 2774 omni
1288 2714 1607 2792 suspicione
1627 2713 2030 2790 1²cupiditatis3
2069 2732 2252 2789 quum

255 2823 459 2871 autem
504 2810 628 2886 ejus
666 2810 980 2869 familiares
1020 2813 1274 2870 omnium
1315 2813 1580 2871 ordinum
1622 2811 1811 2881 video,
1851 2809 2152 2886 perspicio,
2188 2808 2252 2867 id

255 2901 419 2978 quod
448 2899 579 2977 jam
608 2901 870 2959 omnibus
898 2908 986 2959 est
1010 2911 1289 2978 apertum,
1313 2911 1495 2961 totam
1521 2919 1645 2960 rem
1672 2901 1840 2958 istam
1870 2899 1996 2975 jam
2023 2899 2247 2974 pridem
2264 2912 2329 2958 26

256 3017 294 3057 a
320 2997 501 3057 certis
541 2995 891 3066 hominibuS,
930 3015 1044 3054 non
1085 2997 1265 3056 invito
1303 3015 1446 3074 rege
1476 2997 1602 3074 ipso
1630 2996 2083 3070 consiliariisque
2111 2992 2252 3070 ejus,

251 3113 386 3154 esse
411 3101 766 3168 corruptam.
853 3092 910 3150 4.
952 3091 1122 3151 Haec
1147 3095 1348 3171 scripsi
1375 3113 1432 3152 a.
1459 3094 1515 3151 d.
1543 3092 1719 3152 XVI.
1750 3091 1887 3151 Kal.
1917 3091 2093 3148 Febr.¹
2115 3098 2251 3149 ante

255 3190 464 3250 lucem.
550 3187 648 3248 Eo
687 3189 783 3246 die
825 3197 1055 3247 senatus
1084 3199 1208 3248 erat
1232 3190 1480 3249 futurus.
1562 3189 1690 3247 Nos
1718 3189 1778 3246 in
1805 3198 2027 3256 senatu,
2055 3204 2257 3261 quem-

258 3287 570 3348 admodum
611 3304 803 3362 spero,
832 3283 1166 3360 dignitatem
1191 3296 1465 3357 nostram,
1491 3294 1556 3344 ut
1580 3294 1769 3362 potest
1795 3286 1857 3343 in
1884 3290 2047 3343 tanta
2071 3280 2256 3338 homi-

258 3402 392 3446 num
428 3383 681 3462 perfidia
722 3389 786 3440 et
827 3379 1144 3455 iniquitate,
1185 3383 1575 3442 retinebimus.
1656 3377 1871 3455 ”Quod
1900 3380 1973 3439 ad
2017 3376 2340 3456 popula-³⁰

259 3498 374 3540 rem
400 3482 691 3540 rationem
720 3476 947 3545 attinet,
975 3477 1083 3534 hoe
1103 3476 1368 3539 videmur
1383 3497 1510 3538 esse
1531 3480 1838 3552 consec-uti,
1891 3485 1957 3534 ιιι
2003 3490 2078 3530 ne
2119 3470 2256 3547 quid

229 3579 344 3645 ,agi
367 3598 500 3639 cum
529 3575 753 3645 populo
780 3579 888 3630 aut
912 3571 1086 3629 salvis
1108 3575 1382 3645 auspiciis
1408 3583 1511 3634 aut
1530 3575 1706 3634 salvis
1734 3574 1956 3645 legibus
1978 3576 2082 3628 aut
2099 3566 2259 3623 deni·
