2885 3782
613 458 733 516 794
1520 483 1762 528 omno

691 636 804 695 illis
851 636 1065 715 loquor,
1113 641 1213 717 qui
1258 642 1607 703 occiderunt.
1709 643 1953 702 Fuerint
1997 644 2205 720 cupidi,
2252 642 2472 702 fuerint
2515 643 2656 716 irati,

691 736 905 795 suerint
945 738 1295 813 pertinaces:
1343 741 1577 800 sceleris
1616 761 1755 801 vero
1793 742 2046 812 crimine,
2084 742 2313 814 suroris,
2352 738 2655 818 span-inidii

689 831 860 890 liceat
880 831 984 892 Cn.
1005 832 1284 911 Pompeio
1309 848 1549 909 mortuo,
1569 838 1739 897 liceat
1764 838 1955 896 multis
1980 838 2105 896 aliis
2133 858 2347 896 curere.
2420 837 2657 913 Quando

691 928 798 987 hoc
825 931 1128 1006 quisquam
1155 950 1232 988 ex
1259 943 1333 1004 te,
1359 931 1590 1002 Caesar,
1610 932 1871 992 audivit?
1904 947 2003 992 aut
2030 942 2127 991 tua
2153 934 2292 1010 quid
2320 935 2483 992 aliud
2508 953 2658 992 arms

637 1032 671 1081 5
693 1026 994 1084 voluerunt
1031 1028 1137 1086 nisi
1172 1048 1210 1086 a
1245 1037 1303 1085 te
1335 1025 1761 1088 ⁴contumeliam
1791 1028 2162 1107 propulsare?
2202 1030 2345 1105 quid
2381 1030 2504 1106 egit
2539 1041 2657 1087 mus

690 1121 788 1179 ille
817 1124 1058 1180 invictus
1086 1124 1393 1196 exereitus,
1419 1125 1529 1183 nisi
1558 1134 1619 1183 ut
1643 1145 1811 1184 suum
1837 1124 1935 1201 jus
1960 1137 2217 1184 tueretur
2242 1135 2305 1182 et
2332 1126 2657 1202 dignitatm

691 1215 889 1275 tuam?
972 1218 1173 1294 Quid?
1216 1232 1294 1292 tu,
1320 1239 1500 1296 quum
1539 1240 1739 1299 paoem
1778 1240 1903 1281 esse
1937 1219 2245 1299 ⁸cupieba5‚
2275 1222 2413 1279 idne
2441 1224 2658 1300 agehszs

688 1307 775 1370 ‘ut
815 1314 913 1371 tibi
955 1333 1085 1373 eum
1126 1318 1431 1390 sceieratis,
1458 1336 1534 1376 sn
1577 1327 1640 1375 ut
1679 1337 1810 1376 cum
1848 1319 2008 1376 bonis
2039 1319 2259 1376 civibus
2288 1316 2661 1376 conveniret?

695 1411 787 1469 19.
828 1411 979 1470 Mihi
1007 1432 1162 1486 vero,
1193 1413 1422 1486 Caesar,
1452 1427 1553 1474 tua
1578 1415 1639 1472 in
1675 1433 1769 1472 me
1801 1415 2055 1473 maxima
2087 1416 2299 1472 merita
2328 1427 2494 1474 tanta
2517 1425 2660 1473 uerte

616 1519 675 1566 10
696 1527 808 1565 non
849 1508 1197 1582 viderentur,
1235 1512 1284 1569 si
1325 1529 1417 1569 me
1460 1522 1524 1570 ut
1568 1511 1908 1569 sceleratum
1948 1529 1984 1567 a
2022 1519 2080 1567 te
2120 1523 2530 1568 conservatum
2568 1529 2660 1587 pu·

689 1613 889 1662 tarem.
974 1604 1274 1680 Quomodo
1299 1618 1492 1666 autem
1520 1618 1580 1666 tu
1610 1608 1683 1666 de
1710 1626 1774 1666 re
1803 1605 2030 1683 publica
2053 1605 2200 1674 bene
2228 1607 2475 1664 meritus
2501 1625 2662 1677 esses,

688 1695 889 1777 'quum
916 1712 997 1761 tot
1029 1704 1338 1763 sceleratos
1374 1704 1644 1763 incolumi
1681 1704 1957 1780 dignitate
1995 1720 2116 1759 esse
2157 1700 2488 1760 voluisses?
2568 1701 2661 1762 Se·

690 1799 1003 1858 cessionem
1043 1809 1104 1858 tu
1145 1801 1301 1860 illam
1341 1801 1755 1870 existimavisti,
1793 1798 2022 1869 Caesar,
2058 1798 2238 1869 initio,
2279 1818 2399 1857 non
2441 1799 2662 1868 bellum,

689 1914 878 1973 neque
914 1897 1117 1957 hostile
1153 1900 1363 1971 odium,
1390 1901 1495 1959 sed
1532 1899 1701 1958 civile
1736 1900 2065 1966 dissidium3
2105 1898 2366 1974 utrisque
2397 1894 2663 1976 cupienti·

614 2005 674 2052 16
696 1992 802 2051 bus
829 2012 953 2052 rem
980 1996 1265 2071 publicam
1293 1997 1528 2067 salvam,
1555 1997 1658 2055 sed
1694 1997 1901 2074 partim
1939 1995 2199 2066 oonsiliiS,
2228 1995 2446 2072 partim
2474 1995 2661 2052 stud'fis

688 2108 726 2148 a
764 2091 1050 2149 communi
1091 2094 1332 2151 utilitate
1379 2093 1792 2152 aberrantibus.
1872 2093 2209 2169 Principum
2252 2092 2511 2168 dignitas
2550 2103 2664 2149 ent

689 2206 872 2264 paene
905 2208 1050 2265 par3
1090 2209 1204 2247 non
1240 2210 1346 2266 par
1381 2189 1621 2248 fortasse
1658 2209 1873 2261 eorum,
1901 2190 1997 2266 qui
2032 2191 2463 2266 sequebantur:
2502 2206 2663 2247 eausa

690 2293 811 2341 tum
850 2284 1037 2356 dubia,
1065 2285 1220 2361 quod
1254 2295 1379 2343 erat
1412 2285 1631 2360 aliquid
1669 2286 1730 2343 in
1771 2297 2012 2363 utraque
2041 2298 2218 2362 parte,
2248 2286 2409 2362 quod
2442 2284 2663 2363 probati

689 2390 917 2454 posset:
979 2399 1130 2439 nune
1170 2381 1369 2439 melior
1408 2400 1480 2438 ea
1514 2379 1826 2456 judicanda
1870 2394 1974 2451 est,
2016 2400 2191 2456 quam
2235 2381 2416 2439 etiam
2460 2381 2541 2439 dii
2575 2379 2662 2438 sd-

610 2487 675 2536 20
685 2490 979 2553 juverunt.
1064 2475 1306 2555 Cognita
1346 2497 1485 2537 vero
1524 2477 1831 2537 clementia
1868 2491 1981 2549 tun,
2014 2479 2141 2555 quis
2176 2498 2294 2537 non
2328 2498 2467 2539 eam
2502 2481 2663 2539 vm

688 2573 835 2632 riam
863 2576 1078 2651 probet,
1106 2577 1164 2631 in
1191 2594 1307 2651 qua
1332 2576 1605 2634 occiderit
1630 2595 1799 2634 nemo
1825 2576 1933 2633 nisi
1963 2575 2267 2634 armatus?

769 2666 914 2727 VII.
997 2669 1090 2727 20.
1135 2668 1269 2742 Sed,
1297 2681 1361 2728 ut
1395 2671 1654 2728 omittam
1692 2690 2046 2729 communem
2088 2691 2224 2729 caus
2226 2691 2346 2743 am,
2377 2674 2663 2731 veniamus

686 2766 761 2824 ad
789 2777 1059 2824 nostram.
1127 2764 1361 2827 ¹Utrum
1389 2768 1617 2826 tandem
1645 2768 1938 2826 existimas
1959 2768 2181 2826 facilius
2203 2768 2403 2840 fuisse,
2426 2770 2663 2835 Tuben,

691 2861 992 2939 Ligarium
1030 2883 1109 2922 ex
1147 2863 1353 2922 Africa
1390 2864 1570 2936 exire,
1608 2884 1683 2922 an
1728 2884 1829 2923 vos
1871 2864 1930 2923 in
1965 2864 2226 2924 Africam
2270 2885 2390 2924 uon
2435 2862 2665 2925 venire?

607 2970 673 3017 2⁵
696 2955 1129 3032 Poteramusne,
1181 2960 1422 3035 inquie8‚
1476 2979 1655 3035 quum
1706 2971 1938 3019 senatus
1991 2959 2359 3019 censuisset?
2468 2962 2533 3023 Si
2584 2982 2666 3021 me

688 3052 949 3125 consulis,
977 3053 1135 3111 nullo
1174 3054 1358 3111 modo·
1442 3051 1559 3111 Sed
1587 3063 1779 3112 tamen
1809 3054 2107 3132 Ligarium
2148 3068 2390 3114 senatus
2420 3057 2573 3115 idem
2598 3057 2669 3115 le·

686 3160 943 3224 gaverat.
1011 3150 1207 3226 Atque
1237 3150 1334 3208 ille
1362 3169 1432 3207 eo
1460 3162 1715 3227 tempore
1744 3154 1950 3229 paruit,
1978 3170 2157 3227 quum
2199 3171 2413 3226 parere
2456 3152 2670 3211 sensuli

688 3261 921 3302 necesse
976 3257 1135 3304 erat:
1196 3265 1297 3304 vos
1353 3257 1490 3304 tune
1546 3248 1828 3324 paruistis,
1874 3266 2054 3325 quum
2102 3249 2299 3322 paruit
2347 3268 2542 3321 nemo,
2581 3248 2673 3325 qui

689 3340 885 3398 noluit.
986 3342 1366 3418 Reprehendo
1419 3343 1636 3419 igitur?
1732 3344 1975 3402 Minime
2029 3363 2206 3409 vero;
2275 3364 2477 3422 neque
2530 3347 2675 3404 enim

608 3445 674 3493 80
695 3435 852 3493 licuit
884 3436 1057 3495 aliter
1088 3451 1279 3495 vestro
1315 3440 1528 3498 generi.
1555 3441 1788 3497 nomini.
1813 3439 2081 3496 familiae.
2114 3439 2481 3496 discinlinae.
2562 3440 2675 3494 Sed
