2885 3782
719 292 847 335 rao
889 293 943 335 τ.
985 292 1190 348 mmo
1230 293 1501 354 mona,
1542 293 1685 337 cu».
1727 294 1817 335 ιι.
2176 279 2293 358 ,Βῧίι

252 469 367 528 que
407 451 468 509 in
508 452 674 510 bonis
713 453 852 514 viris
893 454 1149 532 legendis
1190 454 1249 512 id
1287 455 1519 531 assequi
1548 455 1841 532 potuisset,
1868 454 2097 536 etiamsi
2120 474 2216 516 cu·

247 548 442 622 pisset-
507 548 642 605 Nou
671 549 822 610 enim
844 568 973 608 mea
988 552 1174 627 gratia
1199 550 1681 610 familiaritatibus
1701 552 2039 624 continetur,
2069 569 2218 627 quae

241 640 364 716 late
389 657 590 718 patere
617 663 729 704 non
759 655 1008 720 possunt,
1035 656 1338 722 propterea
1364 647 1518 721 quod
1544 644 2006 706 ‘consuetudines
2034 648 2217 706 victus

247 749 634 814 nonpossunt
673 758 798 798 esse
840 759 967 798 cum
1007 742 1237 809 multis3
1275 742 1394 814 sed,
1420 741 1472 800 si
1512 743 1651 823 quid
1689 760 2005 818 possumus»,
2032 762 2109 801 ex
2149 762 2217 804 eo

243 852 568 910 possumus,
594 836 748 911 quod
775 855 866 894 res
894 837 1124 913 publica
1148 856 1252 895 nos
1279 836 1576 913 conjunxit
1602 857 1733 897 cum
1761 839 1949 906 bonis;
1991 858 2067 898 ex
2095 840 2219 916 qui-
2264 852 2295 898 δ

241 930 356 1000 ⁴bus·
378 929 478 989 ille
505 950 680 1006 quum
708 933 950 1007 optimos
977 933 1129 992 viros
1167 933 1405 1010 legeret,
1433 935 1609 1010 idque
1638 936 1891 993 maxime
1929 935 2006 994 ad
2043 937 2215 994 fldem

241 1044 412 1086 auam
454 1029 740 1102 pertinere
779 1029 1171 1100 arbitraretur,
1199 1048 1312 1090 non
1355 1030 1543 1105 potuit
1568 1030 1762 1106 legere
1789 1049 1903 1087 non
1930 1031 2212 1090 studiosos

241 1122 381 1182 mei.
479 1124 576 1180 22.
622 1122 787 1197 Quod
828 1143 966 1182 vero
1006 1133 1083 1198 te,
1125 1124 1196 1184 L.
1241 1125 1478 1198 Domiti,
1520 1125 1654 1186 huic
1693 1127 2009 1202 quaestioni
2049 1145 2215 1203 prae-

239 1237 368 1292 esse
396 1220 649 1277 maxime
676 1220 873 1291 voluit,
899 1221 1041 1279 nihil
1080 1222 1370 1297 quaesivit
1407 1222 1583 1296 aliud,
1612 1223 1718 1280 nisi
1750 1220 2049 1297 justitiam,
2082 1241 2215 1299 gra-

241 1315 499 1388 yitatem,
527 1315 954 1382 humanitatem,
980 1317 1169 1374 fidem.
1249 1316 1414 1376 Tulit
1452 1328 1517 1375 ut
1555 1312 1935 1376 ⁸consularem
1978 1335 2210 1376 necesse
2228 1330 2293 1378 10

236 1421 414 1482 esset,
438 1412 625 1482 credo,
651 1413 805 1489 quod
834 1414 1152 1490 principum
1179 1432 1388 1472 munus
1417 1433 1545 1472 esse
1581 1414 1830 1474 ducebat
1862 1414 2126 1474 resistere
2154 1423 2213 1473 et

235 1506 464 1576 levit-uti
490 1508 868 1568 multitudinis
894 1518 954 1567 et
979 1510 1328 1585 perditorum
1361 1511 1686 1568 temeritati.
1770 1508 1870 1566 Ex
1898 1510 2203 1568 consulari-

209 1603 346 1678 ‚bus
373 1611 433 1660 te
461 1599 676 1661 creavit
703 1605 1055 1679 potissimum
1073 1627 1090 1673 ;
1128 1606 1369 1664 dederas
1409 1607 1581 1676 enim,
1608 1624 1779 1681 quam
1817 1615 2209 1664 contemneres

233 1699 545 1776 populares
571 1700 834 1772 insanias,
850 1700 974 1776 jam
1003 1702 1077 1760 ab
1099 1702 1487 1762 adolescentia
1510 1702 1850 1762 documenta
1877 1702 2149 1760 maxima.

243 1847 250 1856 .
313 1795 438 1854 IX.
517 1796 612 1856 23.
672 1795 1075 1870 Quamobrem,
1107 1796 1349 1872 judices,
1387 1795 1475 1860 ¹ut
1497 1798 1805 1874 aliquando
1851 1798 1924 1858 ad
1968 1817 2203 1860 causam
2226 1813 2285 1862 ιο

213 1891 572 1967 ,crimenque
601 1894 912 1962 veniamus,
940 1893 988 1950 si
1017 1912 1205 1969 neque
1232 1894 1416 1955 omnis
1447 1893 1726 1955 consessio
1754 1894 1888 1955 facti
1916 1904 2009 1952 est
2032 1894 2208 1955 inusi-

234 1972 592 2067 {amneque
620 1989 692 2046 de
720 2008 891 2047 causa
917 1998 1108 2047 nostra
1134 1989 1446 2066 quidquam
1473 1991 1656 2059 aliter,
1682 2009 1751 2049 ac
1778 2009 1879 2049 nos
1909 1990 2206 2062 vellemne,

232 2103 271 2142 a
299 2093 505 2143 senatu
528 2083 845 2159 judicatum
874 2094 978 2154 est,
1005 2093 1065 2143 et
1093 2084 1238 2142 lator
1264 2084 1386 2161 ipse
1411 2085 1574 2161 legis,
1603 2104 1779 2161 quum
1807 2096 1957 2143 esset
1983 2098 2205 2165 contro·

233 2181 428 2239 versia
454 2180 614 2241 nulla
637 2178 793 2250 facti,
819 2175 982 2254 'juris
1026 2193 1216 2239 tamen
1255 2181 1725 2257 disceptationem
1764 2199 1891 2241 esse
1917 2183 2114 2255 voluit,
2144 2194 2205 2241 et
2274 2180 2283 2189 ’

231 2277 288 2351 ei
331 2276 468 2334 lecti
500 2274 723 2351 judices
765 2276 926 2351 isque
968 2278 1323 2353 praepositus
1363 2278 1698 2354 quaestioni,
1727 2280 1825 2355 qui
1867 2279 2010 2338 haec
2040 2279 2285 2356 justene

201 2375 636 2453 ’sapienterque
683 2373 977 2448 disceptet,
1024 2374 1308 2453 reliquum
1354 2384 1461 2445 eet,
1500 2374 1741 2451 judices,
1785 2385 1852 2435 ut
1898 2376 2040 2435 nihil
2079 2377 2205 2453 jam

230 2486 515 2545 quaerere
546 2468 698 2526 aliud
726 2468 995 2538 debeatiS,
1023 2470 1149 2541 nisi,
1178 2480 1304 2529 uter
1331 2471 1445 2529 utri
1473 2471 1705 2533 insidias
1732 2471 1945 2531 fecerit.
2029 2472 2202 2548 Quod

203 2584 348 2640 ,quo
379 2563 602 2622 facilius
630 2565 980 2639 argumentis
1009 2567 1332 2642 perspicere
1363 2570 1604 2644 possitiS,
1630 2564 1775 2627 ⁸rem
1802 2580 2020 2645 gestam
2044 2571 2203 2629 vobis

227 2661 373 2719 dum
416 2661 669 2721 breviter
709 2678 952 2735 expone,
993 2680 1223 2735 quaeso,
1264 2662 1567 2740 diligenter
1604 2667 1899 2725 attendite.
1982 2668 2087 2741 ¹24.
2132 2666 2204 2727 P.

234 2755 475 2815 Clodius
496 2774 673 2831 quum
700 2756 992 2813 statuisset
1014 2758 1167 2815 omni
1195 2759 1406 2817 scelere
1435 2758 1516 2817 ⁴in
1546 2772 1815 2838 praetura
1838 2782 2049 2823 vexare
2076 2775 2281 2843 temps

151 2869 162 2879 ·
213 2849 545 2933 publicam,
575 2851 907 2926 videretque
938 2852 1016 2909 ita
1039 2847 1246 2913 ‘tracta
1273 2872 1398 2914 esse
1428 2858 1659 2916 comitia
1683 2854 1855 2917 “anno
1895 2859 2204 2935 superiore,

182 2967 206 3031 ‘.
230 2956 294 3023 ut
325 2965 446 3005 non
488 2946 697 3005 multos
740 2964 963 3005 menses
1004 2960 1332 3023 praeturam
1359 2969 1561 3028 gerere
1588 2965 1791 3030 posset,
1815 2949 1935 3031 ⁷qui
1963 2974 2076 3014 non
2105 2955 2203 3015 ho·

223 3043 386 3101 noris
411 3040 657 3119 gradum
685 3052 981 3116 spectaret,
1011 3050 1076 3101 ut
1101 3045 1293 3115 ceteri,
1320 3047 1421 3104 sed
1449 3056 1509 3104 et
1538 3047 1607 3104 L.
1633 3049 1899 3109 Paullum
1927 3050 2203 3127 collegam

228 3137 486 3215 effugere
531 3136 720 3207 vellet,
746 3138 1022 3215 singulari
1063 3140 1278 3199 virtute
1320 3142 1524 3213 civem,
1567 3156 1626 3203 et
1663 3165 1880 3205 annum
1920 3147 2203 3222 integrum

226 3232 301 3289 ad
330 3231 752 3309 dilacerandam
784 3254 904 3292 rem
936 3233 1221 3309 publicam
1249 3248 1571 3315 quaereret,
1600 3241 1786 3299 subito
1814 3241 2042 3317 reliquit
2081 3237 2286 3319 ”an-89

225 3345 367 3403 num
398 3344 568 3384 suum
597 3345 832 3405 seseque
862 3329 921 3387 in
950 3331 1274 3404 proximum
1301 3351 1515 3391 annum
1544 3336 1849 3407 transtulit,
1866 3334 2020 3409 ¹mon,
2042 3347 2105 3395 ut
2126 3339 2205 3407 fit,

211 3421 511 3501 religione
553 3419 760 3497 aliqua,
788 3424 889 3483 sed
932 3432 996 3481 ut
1037 3423 1288 3496 haberet,
1315 3427 1467 3503 quod
1508 3428 1632 3505 ipse
1675 3431 1916 3499 dicebat,
1943 3443 2004 3489 at
2042 3451 2206 3508 prae-

210 3527 415 3593 turam
447 3516 779 3589 gerendam,
805 3520 913 3577 boc
941 3528 1045 3587 est,
1074 3519 1148 3576 ad
1184 3522 1557 3579 evertendam
1595 3543 1719 3582 rem
1757 3527 2059 3601 publicam,
2086 3527 2206 3602 ple-

211 3629 346 3669 num
404 3628 622 3669 anuum
664 3624 838 3690 atque
880 3616 1183 3689 integrum.
1286 3616 1379 3673 25.
1434 3615 1788 3677 Occurrebat
1827 3622 1899 3691 ei,
1940 3641 2204 3685 mancam

213 3723 280 3763 ac
318 3704 586 3765 debilem
627 3720 956 3770 praeturam
999 3727 1162 3767 suam
1206 3709 1471 3770 futuram.
1499 3715 1732 3770 consule
1768 3713 2027 3770 Milone:
2068 3731 2285 3770 eumn
