2885 3782
573 107 690 167 840
1466 111 1709 157 onum

653 292 911 343 mortuus
951 279 1109 348 inani
1158 275 1502 354 cogitatione
1553 270 1873 350 promissit?
1970 268 2125 346 Quid
2141 268 2170 328 ?
2225 270 2276 328 si
2333 270 2463 347 ipse
2520 269 2624 331 Cn.

655 379 987 455 Pompeius,
1016 377 1115 452 qui
1142 394 1214 433 ea
1240 374 1454 430 vii-nite
1490 389 1562 429 ae
1602 369 1832 427 fortuna
1857 375 1961 440 est,
1990 375 2055 425 ut
2075 364 2171 425 ἀι
2196 369 2459 443 potuerit
2481 387 2624 427 sem-

654 493 778 553 per,
817 491 967 550 quae
1010 490 1181 530 nemo
1229 482 1456 545 praeter
1496 466 1674 536 illum,
1712 464 1761 521 si
1802 464 1868 535 is,
1906 463 2155 539 inquam,
2200 464 2491 539 potuisset
2528 474 2623 523 aut

656 572 1047 647 quaestionem
1085 569 1161 625 de
1200 576 1384 623 morte
1422 561 1495 621 P.
1526 560 1714 620 clodii
1750 559 1902 618 ferre
1940 567 2044 617 aut
2079 559 2273 635 ipsum
2312 561 2394 618 ab
2430 560 2621 619 inferis

614 669 934 737 semitam,
974 661 1209 722 ”utrum
1248 660 1461 738 putatis
1501 658 1689 734 potius
1734 655 2018 715 facturum
2058 654 2278 714 fuisse?
2380 656 2620 715 Etiami

654 760 931 840 ”propter
950 760 1255 819 amicitiam
1283 755 1462 814 vellet
1487 754 1650 811 illum
1665 753 1741 810 ab
1756 751 1956 810 inferis
1970 769 2230 820 evocare,
2246 763 2493 827 propter
2506 770 2620 810 ren

656 859 943 937 publicam
988 875 1104 915 non
1145 855 1390 913 fecisset.
1488 849 1637 925 Ejus
1678 849 1858 926 igitur
1896 847 2093 906 mortis
2137 849 2357 907 sedetis
2402 849 2621 919 ultorae,

653 955 819 1032 cujus
860 955 1036 1012 vitam
1077 954 1125 1010 si
1166 949 1377 1027 putetis
1416 965 1522 1023 per
1560 964 1663 1005 vos
1702 945 1925 1003 restitui
1962 963 2143 1021 posse,
2183 945 2420 1012 nolitis3
2458 959 2521 1003 et
2551 948 2618 1003 ds

656 1053 782 1128 ejus
801 1070 948 1109 nece
976 1052 1093 1108 lata
1117 1045 1375 1123 quaestio
1402 1053 1511 1115 est,
1534 1042 1637 1120 qui
1662 1041 1713 1100 si
1736 1042 1938 1100 eedem
1963 1041 2093 1117 lege
2116 1040 2477 1100 reviviscere
2502 1061 2621 1119 pos-

579 1160 644 1209 ιο
659 1156 764 1220 set,
789 1147 908 1205 lata
932 1146 1032 1204 lex
1057 1161 1353 1219 nunquam
1379 1151 1548 1199 esset.
1628 1136 1825 1213 Hujus
1850 1155 1987 1213 ergo
2023 1135 2359 1194 interfector
2384 1138 2438 1196 si
2462 1145 2620 1208 esset,

656 1245 717 1302 in
770 1243 1087 1303 confitendo
1132 1242 1207 1300 ab
1253 1240 1397 1298 iisne
1444 1254 1689 1314 poenam
1733 1234 1979 1305 timeret,
2024 1251 2171 1308 quos
2219 1227 2619 1292 liberavisset?

656 1341 754 1399 80.
800 1338 1012 1399 Graeci
1053 1338 1311 1395 homines
1353 1336 1591 1393 deorum
1630 1334 1875 1390 honores
1914 1329 2171 1389 tribuunt
2202 1329 2285 1388 iis
2326 1330 2491 1400 viris,
2528 1330 2619 1407 qui

655 1442 1323 1514 tyrannosnccaverunt.
1405 1425 2177 1505 QuaeegovidiAthenis?
2218 1445 2377 1502 quae
2417 1426 2623 1485 aliisin

655 1533 891 1591 urbibus
936 1528 1265 1591 Graeciae?
1303 1547 1448 1606 quas
1488 1546 1583 1587 res
1621 1526 1844 1586 divinas
1886 1525 2094 1584 talibus
2120 1523 2423 1583 institutas
2449 1521 2625 1582 viris?

581 1643 643 1691 15
660 1647 803 1705 quos
841 1625 1089 1687 cantus?
1128 1645 1275 1703 quae
1316 1621 1614 1684 carmina?
1688 1620 1930 1700 ”Prope
1968 1622 2043 1681 ad
2080 1622 2537 1681 immortalitatis
2571 1631 2627 1680 et

645 1727 990 1803 religionem
1027 1734 1093 1783 et
1129 1724 1464 1782 memoriam
1505 1729 1923 1781 consecrantur.
1999 1718 2125 1779 Vos
2148 1721 2299 1778 tanti
2326 1737 2628 1779 conserva·

657 1831 844 1882 torem
899 1822 1112 1899 populi,
1161 1821 1305 1879 tanti
1357 1818 1591 1878 sceleris
1644 1819 1887 1877 ultorem
1934 1815 2047 1876 'non
2098 1817 2273 1875 modo
2322 1817 2629 1876 honoribus

653 1921 829 1979 nullis
883 1920 1153 1989 afficietis,
1203 1918 1308 1976 sed
1360 1916 1536 1976 etiam
1587 1917 1663 1976 ad
1713 1917 2054 1994 supplicium
2106 1916 2236 1993 rapi
2282 1911 2631 1992 patiemini?

657 2015 1057 2086 Confiteretur,
1082 2010 1466 2086 confiteretur,
1491 2013 1745 2090 inquam,
1784 2015 1836 2071 si
1873 2013 2115 2084 fecisset,
2155 2021 2219 2071 et
2257 2032 2478 2091 magno
2513 2012 2633 2071 ani·

576 2123 755 2173 mmo
809 2122 869 2171 et
918 2113 1151 2184 libente,
1204 2111 1408 2170 secisse
1461 2129 1524 2170 se
1576 2111 1856 2170 libertatis
1899 2111 2155 2170 omnium
2202 2128 2424 2179 cansm
2478 2108 2633 2185 qnod

649 2220 810 2268 esset
857 2211 917 2268 ei
970 2226 1082 2269 nou
1136 2208 1518 2269 confitendum
1570 2208 1756 2281 mod0,
1811 2226 2010 2267 verum
2064 2206 2243 2267 etiam
2296 2208 2634 2284 praedican-

653 2306 811 2363 dum.

739 2398 953 2459 XXX.
1027 2403 1129 2471 ,81.
1171 2402 1425 2474 Etenim,
1466 2402 1515 2462 si
1540 2398 1622 2461 ¹id
1660 2420 1778 2461 nou
1817 2409 2005 2479 negat,
2031 2419 2112 2460 ex
2151 2419 2275 2476 quo
2298 2400 2449 2457 nihil
2478 2398 2632 2476 petit,

658 2499 768 2556 nisi
810 2507 876 2557 ut
917 2499 1260 2575 ignoscatur,
1289 2499 1575 2557 dubitaret
1601 2496 1683 2557 'id
1708 2498 1896 2587 fateri,
1922 2516 2001 2557 ex
2027 2516 2142 2572 quo
2169 2497 2348 2554 etiam
2378 2494 2632 2572 praemis

578 2602 644 2654 25
660 2588 845 2652 laudis
869 2604 1059 2652 esseut
1086 2591 1372 2671 petenda?
1426 2594 1539 2652 nisi
1576 2612 1716 2652 vero
1742 2582 1958 2671 gratius
1986 2601 2148 2670 putat
2176 2611 2306 2651 esse
2332 2593 2519 2662 vobis,
2544 2589 2633 2649 sui

659 2708 722 2747 se
761 2690 966 2767 eapitis
1006 2709 1180 2766 quam
1222 2690 1398 2749 vestri
1439 2689 1799 2748 defensorem
1827 2690 2039 2756 fuisse;
2078 2707 2264 2764 quum
2292 2686 2629 2764 praesertin

658 2785 720 2842 in
745 2804 818 2844 ea
843 2785 1210 2855 confessione,
1238 2786 1288 2844 si
1329 2786 1481 2862 grati
1519 2804 1644 2845 esse
1684 2785 1925 2857 velletis,
1953 2785 2200 2843 honores
2227 2792 2631 2860 assequeretur

657 2882 1052 2957 amplissimos.
1146 2881 1212 2941 Si
1253 2882 1465 2939 factum
1504 2882 1667 2940 vobis
1707 2898 1824 2939 non
1863 2882 2204 2957 probaretur
2247 2878 2628 2959 (quamquam

655 2976 756 3051 qui
797 2986 1023 3052 poterat
1059 2978 1213 3035 salus
1253 2996 1360 3036 sua
1397 2977 1664 3053 cuiquam
1704 2996 1817 3035 non
1859 2977 2089 3052 probari
2110 2974 2188 3052 ?),
2229 2977 2335 3033 sed
2365 2986 2555 3034 temen
2578 2970 2627 3031 si

655 3183 758 3222 mo
775 3170 1172 3244 constantique
1199 3169 1429 3227 cederet
1454 3187 1529 3226 ex
1558 3169 1784 3245 ingrata
1808 3169 2055 3226 civitate.
2124 3167 2286 3226 Nam
2312 3170 2452 3243 quid
2480 3173 2627 3225 esset

656 3259 948 3334 ingratius,
988 3282 1162 3337 quam
1202 3260 1403 3320 laetari
1445 3272 1681 3333 ceteros,
1722 3264 1919 3340 lugere
1961 3281 2094 3322 eum
2140 3264 2351 3333 solum,
2400 3270 2628 3339 psopter

649 3368 831 3427 quem
858 3359 1032 3415 ceteri
1061 3355 1449 3416 laetarentur?
1514 3359 1611 3415 82.
1654 3357 2020 3434 Quamquam
2045 3358 2153 3417 hoc
2178 3359 2378 3415 animo
2404 3370 2627 3432 semper

649 3465 855 3507 omnes
892 3452 1104 3511 finimus
1141 3456 1204 3511 in
1245 3455 1462 3530 patriae
1503 3454 1886 3530 proditoribus
1926 3453 2339 3531 opprimendis,
2383 3464 2460 3513 ut.
2486 3468 2625 3526 quo-

577 3552 643 3599 85
662 3542 816 3599 niam
843 3556 1039 3605 nostra
1063 3550 1254 3606 futura
1280 3556 1430 3606 esset
1455 3549 1652 3625 gloria,
1672 3548 1993 3625 periculum
2012 3568 2243 3625 quoque
2272 3560 2332 3607 et
2352 3546 2622 3606 invidiam

656 3644 940 3695 nostram·
965 3656 1311 3715 putaremus.
1411 3644 1569 3733 Nam
1617 3663 1766 3720 quae
1810 3643 1954 3702 mihi
2000 3645 2110 3720 ipsi
2156 3644 2459 3702 tribuenda
2498 3642 2622 3699 lans

655 3739 804 3770 nm*
870 3750 924 3770 tn
948 3754 1042 3770 nm
1095 3748 1310 3770 *nna-...-
1353 3758 1410 3770 .-.
1456 3758 1628 3770 mn...
1654 3748 1748 3770 ..s-.-
1796 3758 1888 3770 ...-
1858 3759 1925 3770 4⁴
1966 3759 2070 3770 ...-
2112 3759 2187 3770 -.Λ
2157 3741 2279 3770 Lt-
2322 3758 2388 3770 ..-
2428 3737 2619 3770 laus—-
