2885 3782
727 307 854 351 rno
896 308 961 350 n.
1003 307 1374 366 umente,
1417 308 1557 352 cAP.
1597 308 1688 350 vx.
2116 291 2233 350 783

185 467 266 527 ad
299 467 596 527 interitum
631 487 859 528 ruerem
887 470 1289 529 voluntarium.
1374 469 1466 528 15.
1510 469 1679 544 Quod
1705 469 1937 545 quidem
1959 486 2153 528 meum

181 564 482 623 eonsilium
529 564 764 622 minime
811 568 1114 624 obscurum
1157 568 1281 625 finit.
1361 566 1518 624 Nam
1566 576 1626 623 et
1671 562 1753 622 ⁹in
1797 566 1907 624 hoe
1951 565 2153 624 ordine

182 656 452 738 ¹’integna
489 679 555 720 re
594 663 774 720 multa
799 663 871 720 de
900 681 1043 739 paee
1069 665 1194 722 dixi
1220 673 1282 722 et
1319 663 1380 720 in
1407 663 1532 739 ipso
1558 661 1710 720 bello
1737 662 1939 721 eadem
1979 662 2155 721 etiam

181 779 322 820 eum
345 760 548 836 eapitis
574 761 688 819 mei
730 761 988 838 periculo
1023 762 1194 820 sensi.
1277 760 1378 818 Ex
1403 779 1519 836 quo
1545 777 1714 817 nemo
1732 758 1858 835 jam
1897 761 2009 818 erit
2028 770 2154 818 ‘tam

179 859 426 937 injustus
452 861 810 918 existimator
835 877 1028 918 rerum
1061 861 1161 936 qui
1180 859 1415 929 dubitet,
1434 877 1585 933 quae
1607 857 1869 916 Caesaris
1896 859 1969 916 de
1994 857 2147 917 bello
2198 871 2235 920 8

179 958 448 1016 voluntas
499 957 690 1028 fuerit,
718 977 897 1033 quum
944 959 1103 1035 pacis
1147 967 1406 1017 auctores
1453 957 1869 1015 conservandos
1916 952 2154 1015 ¹¹statim

178 1054 486 1125 censuerit,
518 1050 768 1113 ”ceteris
812 1054 989 1114 fuerit
1035 1055 1251 1114 hatior.
1332 1053 1532 1130 Atque
1574 1054 1634 1111 id
1679 1055 1867 1111 minus
1910 1054 2155 1113 sortasse

179 1154 396 1211 mirum
443 1161 586 1223 tum,
610 1171 790 1229 quum
838 1162 989 1212 esset
1034 1153 1282 1211 incertus
1324 1154 1516 1211 exitus
1565 1162 1625 1210 et
1670 1170 1879 1228 anceps
1924 1150 2155 1210 fortuna

177 1249 354 1307 belli:
395 1250 497 1324 qui
542 1267 683 1307 vero
715 1250 901 1307 vietor
946 1250 1103 1324 pacis
1144 1260 1408 1308 auctores
1433 1249 1638 1326 diligit,
1665 1251 1715 1307 is
1754 1248 2008 1326 profecto
2054 1249 2154 1307 del·

176 1344 366 1404 elai-at
393 1363 457 1403 se
484 1345 750 1403 maluisse
777 1363 891 1403 non
917 1346 1196 1403 dimicare
1223 1364 1395 1420 quam
1422 1345 1671 1403 vincere.
2172 1355 2236 1405 1⁰

259 1440 377 1500 VI.
463 1442 556 1499 16.
596 1439 796 1518 Atque
820 1438 1012 1516 ¹hujus
1039 1443 1270 1517 quidem
1292 1441 1376 1499 rei
1403 1440 1492 1498 M.
1515 1440 1795 1500 Marcello
1820 1459 1949 1499 sum
1975 1441 2152 1500 testiS.

178 1536 385 1595 Nostri
415 1537 566 1595 enim
592 1553 809 1607 sensus,
838 1545 902 1593 ut
928 1537 987 1593 in
1013 1554 1156 1613 pace
1184 1555 1427 1612 semper,
1455 1537 1537 1595 sie
1563 1546 1687 1594 tum
1715 1537 1888 1594 etiam
1916 1538 1978 1593 in
2003 1537 2155 1594 bello

178 1633 592 1709 congruebant.
676 1631 916 1706 Quoties
959 1649 1067 1708 ego
1094 1649 1228 1690 eum
1272 1641 1333 1689 et
1375 1641 1591 1707 quanto
1632 1650 1763 1689 cum
1796 1632 1990 1690 dolore
2016 1632 2153 1702 vidi,

179 1748 366 1805 quum
391 1729 754 1786 insolentiam
780 1726 1086 1786 'certorum
1127 1728 1422 1786 hominum
1467 1738 1592 1785 tum
1632 1729 1803 1786 etiam
1831 1729 2010 1804 ipsius
2035 1729 2157 1786 vie-

179 1826 366 1883 toriae
394 1824 746 1882 ferocitatem
768 1826 1235 1881 extimescentem
1259 1821 1274 1879 l
1358 1821 1492 1896 Quo
1531 1824 1744 1900 gratior
1772 1831 1872 1880 tua
1896 1823 2141 1881 liberali·
2171 1836 2234 1884 15

179 1930 288 1992 tas,
319 1920 392 1980 C.
422 1919 651 1990 Caesar,
677 1921 856 1990 nobie,
885 1920 985 1994 qui
1009 1919 1113 1978 illa
1137 1920 1400 1988 vidimus,
1425 1919 1600 1977 debet
1645 1938 1807 1987 esse3
1847 1938 1959 1977 non
1999 1920 2155 1978 enim

185 2018 320 2094 jam
363 2035 570 2076 causae
608 2026 742 2074 sunt
787 2017 936 2073 inter
975 2033 1055 2087 se,
1091 2015 1193 2073 sed
1231 2016 1507 2073 victoriae
1546 2016 1979 2091 eomparandae.
2062 2017 2154 2073 17.

178 2112 460 2171 Vidimus
495 2120 653 2169 tuam
681 2111 976 2169 victoriam
1011 2110 1358 2186 proeliorum
1398 2110 1559 2167 exitu
1597 2110 1994 2167 terminatam:
2034 2109 2157 2186 gla-

173 2209 346 2268 dium
373 2207 585 2282 vagina
610 2224 860 2265 vacuum
896 2207 957 2263 in
994 2207 1140 2264 urbe
1174 2223 1289 2263 non
1314 2205 1583 2262 vidimus.
1669 2203 1826 2278 Quos
1861 2204 2155 2263 amisimus

174 2305 360 2375 cives,
386 2321 484 2361 eos
524 2303 731 2361 Martis
758 2303 846 2359 vis
885 2302 1143 2378 perculit,
1171 2320 1284 2358 uon
1311 2302 1402 2359 ira
1427 2301 1698 2359 victoriae
1721 2323 1737 2368 ;
1779 2309 1843 2357 ut
1881 2301 2141 2359 dubitare
2167 2313 2237 2361 2⁰

171 2402 397 2460 debeat
422 2419 591 2458 nemo
617 2401 756 2476 quin
783 2401 1007 2470 multoe,
1034 2399 1083 2456 si
1109 2398 1233 2456 fieri
1266 2408 1476 2475 posset,
1507 2397 1573 2458 O.
1606 2398 1820 2458 Caesar
1844 2399 1919 2456 ab
1958 2397 2157 2457 inferis

170 2497 484 2563 excitaret,
531 2497 801 2571 quoniam
857 2514 935 2553 ex
982 2495 1183 2554 eadem
1237 2496 1360 2553 acie
1413 2504 1715 2552 conservat
1757 2513 1899 2569 quos
1952 2504 2155 2571 potest.

170 2590 472 2652 ⁸Alterius
498 2610 637 2649 vero
661 2593 840 2669 partis
881 2591 1026 2649 nihil
1068 2590 1310 2667 amplius
1339 2592 1526 2649 dicam
1552 2608 1728 2666 quam
1755 2591 1830 2661 id,
1857 2591 2012 2666 quod
2036 2584 2159 2648 oin-

173 2709 286 2748 nes
327 2690 687 2759 verebamur,
734 2689 902 2745 nimis
950 2686 1284 2745 iracundam
1322 2686 1577 2744 suturam
1620 2686 1797 2744 fuisse
1840 2686 2155 2744 victoriam.

179 2788 278 2845 18.
325 2784 580 2858 Quidam
626 2786 779 2843 enim
826 2803 940 2841 non
982 2784 1151 2841 modo
1198 2783 1450 2852 armatis,
1491 2783 1590 2840 sed
1635 2782 1920 2840 interdum
1967 2782 2141 2839 etiam
2169 2794 2236 2842 23

169 2881 401 2940 ⁴otiosis
430 2880 808 2949 minabantur,
829 2898 936 2938 nee
963 2879 1102 2955 quid
1121 2879 1365 2954 quisque
1392 2879 1674 2947 sensisset,
1697 2879 1798 2936 sed
1819 2879 1918 2935 ubi
1936 2878 2153 2949 suisset,

172 2977 558 3057 eogitandum
598 2994 724 3034 esse
754 2976 1020 3034 dicebant
1036 2997 1053 3043 3
1091 2984 1160 3031 -ut
1186 2975 1327 3031 mihi
1354 2974 1588 3049 quidem
1615 2974 1920 3033 videantur
1943 2975 2024 3031 dii
2049 2974 2157 3031 im-

171 3072 472 3143 mortaleS,
500 3073 672 3130 etiam
699 3073 747 3129 si
775 3090 987 3148 poenas
1024 3089 1063 3128 a
1099 3070 1308 3146 populo
1338 3068 1600 3128 Romano
1626 3070 1701 3127 ob
1726 3069 1957 3144 aliquod
1980 3069 2157 3128 delio-

171 3183 310 3229 tum
338 3168 759 3245 expetiverunt,
786 3167 884 3243 qui
912 3167 1081 3225 civile
1107 3167 1325 3224 bellum
1350 3174 1574 3223 tantum
1607 3175 1665 3223 et
1690 3174 1809 3225 tam
1836 3166 2156 3224 luctuosum

171 3266 604 3333 excitaverunt,
632 3264 726 3321 vel
770 3264 978 3340 placati
1018 3261 1143 3338 jam
1191 3262 1291 3321 vel
1329 3261 1519 3319 satiati
1566 3260 1873 3338 aliquando
1913 3277 2144 3319 omnem
2168 3271 2239 3322 ω

167 3380 349 3439 spem
379 3361 575 3419 salutis
602 3360 678 3417 ad
705 3361 1066 3419 elementiam
1093 3358 1328 3417 victoris
1357 3368 1416 3414 et
1442 3358 1786 3436 sapientiam
1812 3355 2156 3417 ‘contulisse

267 3458 364 3515 19.
408 3457 602 3531 Quare
631 3458 816 3532 gaude
859 3466 959 3514 tuo
1000 3456 1110 3511 isto
1153 3464 1274 3512 tam
1317 3454 1621 3513 excellenti
1647 3451 1838 3525 ⁶bono,
1863 3461 1923 3511 et
1962 3452 2157 3513 fruere

166 3572 364 3632 quum
403 3552 633 3611 fortuna
672 3561 728 3609 et
766 3553 948 3629 gloria
988 3559 1109 3607 tum
1149 3550 1325 3608 etiam
1364 3561 1574 3609 natura
1613 3558 1673 3609 et
1711 3550 1964 3610 moribus
2003 3550 2156 3619 tuis,

165 3671 258 3713 ex
303 3669 415 3725 quo
451 3650 684 3725 quidem
720 3651 1008 3707 maximus
1043 3655 1130 3704 est
1166 3645 1387 3705 fructus
1415 3644 1863 3726 jucunditasque
1896 3646 2157 3721 sapienti.

171 3746 324 3770 fida-
366 3765 386 3770 -
499 3762 611 3770 -.-A-
663 3752 750 3770 Α---.
801 3745 1026 3770 .--,-,..1
1033 3745 1102 3770 LA
1076 3758 1169 3770 AAA
1225 3743 1325 3770 ‚ss-
1370 3761 1505 3770 -AAA
1548 3764 1642 3770 -.--
1690 3748 1765 3770 *2-
1784 3744 1886 3770 -Α,
1952 3750 2138 3770 Α,...--
2172 3753 2237 3770 A-
