2885 3782
1079 388 1137 433 ο.
1181 388 1471 432 ennom.
2179 370 2291 431 30⁷

803 642 1344 708 EPISTOLA
1422 642 1750 704 XVI1.·

892 819 1022 886 (Ser.
1044 820 1239 871 Romae
1260 818 1327 870 Δ.
1348 819 1413 870 U.
1441 819 1502 872 C.
1526 820 1657 885 701.)
1949 893 1957 901 ⁴

631 947 702 999 A.
724 947 793 1001 U.
821 947 877 1000 Ο.
901 950 1006 999 701.
1069 947 1207 998 Ante
1230 945 1290 998 C.
1310 946 1375 997 N.
1401 950 1478 996 5³.
1541 946 1682 997 Anni
1705 945 1811 999 Cic.
1834 952 1913 998 54.

413 1073 562 1128 eoas.
599 1075 701 1128 Ca.
730 1076 1026 1127 Donamus
1061 1074 1364 1135 Caunus,
1394 1072 1471 1124 Μ.
1505 1072 1800 1126 Vnumne
1831 1074 2111 1127 Musam.

297 1235 369 1286 m
390 1236 624 1287 consules
643 1228 762 1287 non*
782 1235 896 1286 Kal.
930 1234 1181 1287 Januariis
1204 1234 1547 1300 magistratum
1568 1234 1796 1296 inierunt,
1819 1235 1906 1285 sed
1926 1242 2040 1300 post
2059 1234 2203 1300 plura
2221 1235 2294 1284 in·

229 1322 459 1381 turregum
478 1332 654 1366 mense
676 1317 843 1381 Aprili
861 1317 1066 1367 demum
1086 1317 1236 1366 creati
1258 1325 1390 1365 sunt.

299 1395 493 1458 Cicero,
517 1406 785 1462 postquam
817 1397 888 1447 Μ.
913 1396 1141 1458 Crassus,
1163 1396 1384 1446 exercitu
1403 1410 1437 1445 a
1455 1394 1650 1446 Parthis
1672 1395 1848 1483 deleto,
1870 1395 2092 1461 perierat,
2115 1396 2168 1445 in
2186 1395 2292 1460 eju·

227 1476 402 1527 locam
420 1493 576 1543 nanqu-
594 1477 756 1527 tactus
776 1486 866 1527 est.

686 1638 773 1697 Μ.
811 1639 881 1698 Τ.
926 1637 1177 1700 Cmnno
1223 1636 1288 1699 C.
1330 1635 1633 1699 'Cumom
1677 1636 1736 1698 S.
1780 1638 1855 1696 D.

316 1770 368 1825 1.
410 1766 818 1844 Epistularum
855 1787 1075 1846 genera
1098 1767 1281 1826 multa
1305 1784 1434 1827 esse
1458 1785 1575 1824 non
1601 1766 1831 1842 ignoras
1852 1788 1870 1835 3
1907 1766 2010 1824 sed
2035 1784 2216 1824 unum

227 1863 372 1923 illud
386 1862 817 1936 ’eei-tissimum,
832 1865 1184 1941 cujus·causa
1203 1864 1440 1922 inventa
1466 1878 1559 1924 res
1584 1863 1710 1941 ipsa
1734 1871 1838 1935 est,
1854 1871 1919 1922 ut
1944 1863 2216 1922 certiores

227 1959 562 2020 faceremus
604 1961 882 2033 absentes,
909 1961 958 2019 si
999 1960 1139 2036 quid
1178 1969 1347 2031 esset,
1374 1959 1530 2035 quod
1570 1978 1667 2017 eos
1708 1960 1854 2018 scire
1879 1967 1980 2018 aut
2002 1956 2218 2018 ⁸nostra

229 2065 332 2115 aut
357 2056 628 2134 ipsorum
655 2056 964 2116 interesset.
1047 2056 1242 2132 Hujus
1269 2056 1500 2134 generis
1526 2056 1744 2113 litteras
1771 2073 1810 2113 a
1833 2072 1927 2114 me
1962 2053 2217 2130 profecto

229 2171 346 2211 non
390 2161 723 2229 exspectas.
801 2152 1061 2212 Tuarum
1103 2153 1260 2211 enim
1301 2171 1499 2211 rerum
1550 2150 1890 2211 domesticos
1937 2151 2113 2209 habes
2158 2161 2219 2209 et
2263 2164 2296 2212 fi

232 2249 547 2325 scriptores
574 2256 636 2306 et
660 2250 924 2316 nunti033
964 2250 1025 2306 in
1050 2249 1195 2308 meis
1220 2259 1415 2307 autem
1444 2248 1615 2306 rebus
1634 2247 1779 2304 nihil
1797 2256 1886 2306 est
1904 2266 2043 2306 sane
2062 2248 2216 2307 novi.

235 2342 493 2419 Reliqua
519 2351 656 2401 sunt
695 2344 1061 2419 epistolarum
1101 2363 1316 2420 genera
1350 2344 1485 2414 du0,
1511 2361 1663 2418 quae
1688 2361 1782 2401 me
1808 2361 2019 2419 magno
2044 2363 2219 2421 opere

233 2439 564 2498 delectant:
606 2456 784 2495 unum
829 2438 1113 2498 familiare
1162 2447 1218 2497 et
1250 2439 1529 2516 jocosum,
1569 2438 1814 2497 alterum
1855 2459 2122 2498 severum
2161 2450 2222 2498 et

233 2553 437 2611 grave.
516 2532 672 2594 Utro
713 2552 807 2592 me
847 2535 1038 2592 minus
1081 2535 1282 2595 deceat
1321 2537 1424 2608 uti,
1464 2555 1579 2594 non
1618 2536 1892 2614 intelligo.
1964 2537 2221 2612 ‚loceme

234 2640 432 2691 tecum
478 2649 589 2707 per
631 2629 896 2690 litteras?
980 2629 1182 2690 Civem
1206 2621 1555 2690 'mehercule
1602 2651 1717 2690 non
1763 2642 1902 2710 puto
1942 2651 2085 2704 esse,
2120 2633 2220 2708 qui
2240 2644 2302 2692 ιο

234 2725 618 2804 'temporibus
658 2726 749 2783 his
787 2726 978 2785 ridere
1017 2728 1209 2802 possit.
1291 2729 1391 2786 An
1419 2730 1655 2804 gravius
1682 2729 1903 2803 aliquid
1930 2729 2174 2787 scribam
2195 2727 2223 2785 ἲ

238 2821 398 2897 Quid
428 2831 535 2893 est,
560 2822 715 2898 quod
741 2823 923 2898 possit
948 2823 1205 2898 graviter
1230 2842 1267 2882 a
1288 2823 1569 2884 Cicerone
1597 2825 1769 2883 scribi
1797 2827 1871 2884 ad
1897 2823 2224 2898 Curionem,

234 2919 347 2976 nisi
373 2919 450 2976 de
475 2936 542 2976 re
569 2918 805 2993 publica
821 2915 850 2973 ?
927 2918 1125 2993 Atque
1151 2920 1210 2976 in
1240 2920 1349 2979 boc
1373 2939 1591 2997 genere
1613 2922 1757 2980 haec
1776 2940 1907 2982 mea
1927 2939 2102 2981 causa
2120 2930 2225 2994 est,

235 3023 305 3072 ut
326 3010 543 3089 ‘neque
569 3032 655 3084 ea,
681 3031 838 3089 quae
853 3015 1059 3084 sentio,
1088 3032 1196 3072 nec
1221 3035 1373 3091 quae
1399 3035 1515 3075 non
1543 3018 1729 3082 sentio
1753 3020 1929 3077 velim
1957 3017 2225 3076 scribere.

235 3110 301 3167 2.
341 3109 748 3185 Quamobrem,
777 3110 1050 3184 quoniam
1089 3111 1230 3169 mihi
1257 3113 1479 3172 nullum
1507 3114 1796 3173 scribendi
1821 3120 2226 3192 argumentum
2248 3125 2307 3171 ιδ

233 3205 500 3263 relictum
543 3215 644 3278 est,
681 3216 819 3264 utar
861 3223 935 3262 ea
976 3205 1248 3278 clausula,
1276 3229 1391 3286 qua
1438 3211 1611 3282 sole0,
1640 3220 1813 3286 teque
1842 3210 1937 3270 .αᾶ
1977 3203 2231 3267 studium

234 3321 495 3362 summae
534 3304 719 3364 laudis
763 3303 1121 3362 cohortabor.
1204 3307 1312 3367 Est
1340 3311 1495 3369 enim
1523 3305 1676 3371 tibi⁰
1674 3311 1870 3385 gravis
1898 3308 2236 3368 adversaria

234 3400 539 3458 constituta
572 3409 630 3459 et
666 3409 903 3478 parata,
933 3399 1277 3461 incredibilis
1304 3407 1585 3481 quaedam
1619 3408 2015 3527 exspectatio,
2056 3421 2237 3478 quam

235 3505 308 3527 ι..
355 3512 448 3527 ......
491 3515 554 3527 -.-
595 3495 685 3527 ε...
690 3497 774 3527 tn:
786 3514 885 3527 ...m
912 3490 1063 3527 7..:,...
1068 3499 1241 3527 ..-...ε
1269 3500 1336 3527 ι.
1352 3520 1373 3527 -
1407 3511 1510 3527 -.-.
1600 3524 1672 3527 ὼ-
1808 3522 1960 3527 μή--
2053 3497 2230 3527 ...,1...
