2885 3782
530 340 651 399 296
1185 352 1539 398 errem-omn
1581 352 1942 399 omnnem.

607 518 780 576 totins
807 516 1022 593 negotii
1049 534 1243 592 possea
1270 514 1561 585 seribere3
1600 515 1708 573 etsi
1736 514 2013 592 Dexippo
2039 534 2270 593 quoque
2297 518 2381 578 ita
2405 518 2585 597 impe-

607 613 753 683 ravi,
791 614 980 670 statim
1026 613 1140 670 hue
1179 619 1245 669 ut
1283 619 1626 679 recurreret,
1652 619 1713 669 et
1736 611 1814 670 ad
1852 610 2089 671 fratrem
2118 614 2265 683 misi,
2292 624 2358 673 ut
2382 619 2586 676 crebro

607 713 932 770 tabellarios
973 711 1241 768 mitteret.
1324 707 1484 767 Nam
1525 727 1633 785 ego
1674 727 1745 766 eo
1785 709 2011 767 nomine
2052 728 2179 767 sum
2234 710 2588 789 Dyrrhachii

605 809 716 867 hoe
757 818 1030 882 tempore,
1057 815 1120 863 ut
1147 823 1320 880 quam
1341 804 1658 875 celerrime,
1684 805 1824 880 quid
1849 817 2071 880 agatur,
2096 806 2351 877 audiam,
2372 817 2435 865 et
2459 824 2589 864 sum

553 918 587 964 6
610 912 764 971 tuto;
832 903 1034 961 civitas
1074 902 1226 959 enim
1266 900 1411 958 haee
1450 918 1678 977 semper
1715 919 1753 957 a
1789 917 1885 977 me
1924 899 2161 959 defensa
2200 910 2304 960 eet.
2390 900 2591 976 Quum

602 997 840 1057 ⁸inimiei
868 998 1046 1056 nostri
1075 998 1274 1055 venire
1302 996 1581 1067 dicentur,
1603 1005 1725 1053 tum
1753 996 1812 1053 in
1842 995 2089 1073 Epirum
2120 997 2229 1055 ibo.
2313 998 2371 1055 5.
2416 997 2589 1073 Quod

604 1097 805 1155 scribis
845 1104 921 1165 te,
948 1095 997 1152 si
1036 1094 1228 1164 velim,
1253 1092 1329 1151 ad
1367 1078 1464 1151 ine
1492 1102 1829 1150 venturam:
1871 1111 1981 1168 ego
2009 1111 2166 1164 vero,
2194 1112 2373 1169 quum
2410 1095 2589 1153 seiam

604 1210 872 1268 magnam
916 1200 1137 1267 partem
1179 1189 1342 1246 istius
1387 1187 1577 1246 oneris
1621 1189 1724 1245 abs
1770 1198 1828 1247 te
1876 1190 2161 1261 sustineri,
2190 1201 2249 1248 te
2293 1188 2424 1249 istie
2460 1208 2590 1250 esse

604 1289 751 1347 volo.
835 1286 900 1346 Si
930 1286 1198 1361 perficitis
1225 1284 1377 1358 quod
1403 1284 1592 1359 agitis,
1616 1301 1711 1342 me
1739 1283 1814 1341 ad
1841 1302 1944 1342 vos
1972 1286 2174 1344 venire
2200 1294 2463 1362 oportet3
2500 1288 2591 1345 sin

529 1396 592 1444 lo
610 1394 805 1442 autem
1080 1381 1180 1438 sed
1207 1379 1349 1436 nihil
1375 1396 1519 1456 opus
1546 1388 1634 1438 est
1659 1380 1884 1454 reliqua
1912 1380 2178 1439 scribere.
2260 1382 2361 1438 Ex
2390 1383 2591 1459 primis

603 1488 706 1537 aut
728 1475 1031 1536 'summum
1061 1475 1322 1534 secundis
1349 1476 1554 1533 litteris
1584 1475 1697 1533 tuis
1720 1477 2065 1534 constituere
2097 1477 2431 1552 poterimus,
2452 1477 2592 1553 quid

602 1575 767 1634 nobis
806 1574 1129 1632 faciendum
1169 1573 1260 1629 sit.
1339 1570 1433 1629 Tu
1462 1572 1631 1629 modo
1658 1571 1734 1630 ad
1762 1588 1858 1629 me
1885 1566 2103 1629 ¹⁰velim
2133 1573 2327 1630 omnia
2353 1573 2593 1650 diligen-

603 1670 819 1729 tissime
860 1670 1177 1745 perscribas
1194 1690 1212 1737 ;
1252 1668 1359 1725 etsi
1400 1667 1583 1743 magis
1616 1665 1741 1741 jam
1783 1662 1948 1724 11rem
1964 1684 2142 1741 quam
2162 1668 2384 1729 litteras
2409 1669 2594 1727 debeo
2628 1709 2633 1715 -

604 1774 957 1842 exspectare.
1041 1762 1216 1835 Cura,
1255 1771 1319 1820 ut
1358 1762 1555 1820 valeas
1602 1772 1661 1820 et
1702 1763 1785 1821 ita
1819 1762 1923 1820 tibi
1968 1762 2337 1838 persuadeas,
2363 1764 2507 1821 mihi
2532 1772 2595 1822 te

528 1862 802 1924 neurius
841 1860 985 1918 nihil
1031 1878 1157 1918 esse
1193 1876 1304 1917 nee
1345 1874 1597 1935 unquam
1637 1857 1831 1917 fuisse.
1916 1854 2083 1929 Vale,
2126 1875 2262 1917 mea
2300 1858 2596 1931 Terentia

604 1976 781 2033 quam
808 1976 914 2033 ego
943 1955 1142 2013 videre
1167 1955 1385 2024 videor,
1412 1955 1608 2030 itaque
1637 1954 1902 2013 debilitor
1930 1953 2200 2015 lacrimis.

683 2049 852 2110 Vale.
934 2049 1136 2108 Pridie
1165 2047 1467 2108 Kalendas
1496 2047 1868 2108 Decembres.

1141 2335 1685 2438 EPISTOLA
1763 2376 1968 2437 1x.·

1055 2532 1184 2596 (Ser.
1206 2542 1321 2601 poet
1340 2535 1537 2585 initium
1561 2537 1676 2585 anni
1700 2536 1767 2585 Δ.
1792 2535 1857 2586 U.
1882 2535 1942 2588 Ο.
1967 2528 2111 2594 697.)’

916 2661 985 2712 A.
1008 2660 1075 2712 U.
1103 2660 1160 2714 C.
1183 2664 1290 2711 697.
1353 2661 1491 2712 Ante
1516 2661 1575 2714 C.
1599 2662 1665 2712 N.
1689 2665 1766 2713 57.
1829 2663 1970 2712 Anni
1995 2663 2099 2714 Cic.
2125 2668 2203 2715 50.

702 2805 845 2859 Coss.
869 2805 930 2856 P.
956 2805 1282 2856 connitum!
1312 2805 1616 2857 Lemures
1652 2805 1961 2868 Srmrmm,
1997 2807 2061 2870 Q.
2099 2807 2416 2861 emerunt

1274 2884 1583 2936 Mis-‚rennos
1616 2886 1817 2937 Neron.

585 3029 826 3079 Kalendis
857 3025 1108 3078 «Ianuariis
1147 3027 1389 3079 Lentulus
1427 3026 1665 3094 Spinther
1698 3043 1796 3080 cos.
1822 3030 1885 3080 de
1908 3031 2183 3082 remeando
2209 3030 2317 3083 Cic.
2340 3033 2393 3082 iu
2415 3040 2597 3082 senatu

523 3122 669 3173 egere
687 3109 865 3173 eoepit,
887 3107 1233 3170 adjuvantibus
1253 3107 1354 3158 fere
1375 3109 1607 3159 omnibus
1628 3110 1837 3160 tribunis
1860 3112 2032 3176 plebiS,
2058 3112 2110 3160 in
2131 3113 2304 3176 primis
2326 3112 2388 3163 Ρ.
2414 3111 2595 3163 Sextio

522 3196 573 3236 et
595 3186 654 3239 Τ.
681 3187 854 3236 Annio
876 3186 1082 3236 Milone.
1145 3186 1241 3238 His
1263 3189 1437 3238 studiis
1460 3189 1692 3239 effectum
1714 3197 1803 3248 est,
1821 3199 1879 3240 ut
1895 3192 2116 3254 primum·
2128 3190 2183 3241 S.
2204 3190 2356 3242 Cmm
2374 3192 2512 3242 fieret
2524 3192 2597 3241 de

520 3266 628 3330 ejus
649 3266 821 3325 salute,
842 3266 1019 3315 deiude
1041 3266 1128 3315 lex
1148 3267 1210 3315 de
1233 3281 1291 3316 eo
1325 3268 1601 3318 revocando
1638 3268 1702 3318 ad
1737 3270 1979 3333 populum
2018 3269 2120 3318 lata
2154 3270 2281 3333 prid.
2306 3269 2439 3320 Non.
2467 3270 2599 3321 Sex·

521 3346 593 3394 til.
616 3347 840 3396 omnium
865 3349 1192 3398 centuriarum
1214 3365 1457 3401 consensu
1479 3353 1667 3417 perlata
1686 3360 1774 3402 est.
1843 3352 2032 3401 Eodem
2050 3351 2130 3400 die
2150 3349 2253 3399 Cic.
2276 3349 2597 3415 Dyrrhachio

519 3425 767 3488 profectus
799 3428 957 3478 Nonis
993 3429 1172 3479 Sextii.
1205 3431 1401 3483 Tulliae
1417 3435 1572 3483 natali
1589 3435 1910 3485 Brundisium
1929 3435 2077 3484 venit.
2138 3431 2263 3481 Inde
2284 3446 2375 3496 per
2390 3431 2598 3480 Italiam

521 3507 748 3585 omnium
768 3511 1165 3574 municipiorum,
1189 3515 1620 3578 praefecturarum,
1646 3516 1950 3566 coloniarum
1978 3531 2174 3565 summa
2192 3511 2521 3578 gmtulnfione
2539 3516 2601 3559 et
