2885 3782
808 291 937 336 rao
980 291 1042 346 Q.
1084 290 1377 347 mosam,
1419 290 1562 334 car.
1605 290 1745 332 vm.
2181 275 2296 333 795

245 458 446 518 studiis
498 475 729 534 semper
779 455 866 514 usi
923 472 1135 512 sumus.
1240 450 1372 512 Seio
1425 451 1600 529 igitur
1646 450 2012 510 Tuberonem
2064 450 2220 510 domi

243 573 481 615 manere
535 553 822 620 voluisse3
881 551 983 609 sed
1030 550 1112 609 ita
1152 549 1384 625 quidam
1431 549 1655 625 agebat,
1698 548 1781 607 ita
1825 548 1910 606 rei
1958 549 2219 625 publicae

245 651 667 711 sanctissimum
717 667 922 706 nomen
971 647 1311 724 opponebat,
1356 655 1437 716 ut,
1485 645 1708 703 etiamsi
1753 645 1923 703 aliter
1969 646 2221 718 sentiret,

247 747 554 806 verborum
594 748 784 803 tamen
816 745 1070 820 ipsorum
1103 742 1323 820 pondus
1362 742 1644 799 sustinere
1683 760 1797 798 non
1838 751 2044 817 posset.
2128 744 2222 801 22.

250 841 438 901 Cessit
464 840 786 901 auctoritati
813 837 1148 915 amplissimi
1181 837 1304 908 viri,
1332 837 1425 894 vel
1464 836 1650 912 potius
1686 837 1891 912 paruit.
1972 835 2109 897 Una
2135 848 2224 897 est
2270 852 2301 898 5

247 938 531 1015 profectus
557 956 689 996 cum
717 936 804 1007 iis,
830 930 1097 1011 'quorum
1129 945 1254 991 erat
1289 951 1407 991 una
1442 951 1614 991 eausa
1631 953 1647 1000 ς
1688 933 1906 991 tardius
1934 934 2043 993 iter
2069 934 2220 992 fecit.

123 1051 148 1068 ·
249 1034 454 1112 Itaque
481 1035 542 1092 in
573 1033 832 1091 Africam
861 1031 1016 1088 venit
1033 1029 1160 1106 jam
1185 1026 1560 1106 “occupatam
1625 1024 1807 1087 ⁹Hinc
1834 1028 1893 1086 in
1923 1028 2223 1107 Ligarium

247 1134 464 1192 crimen
503 1132 685 1189 oritur
724 1129 817 1187 vel
857 1130 943 1187 ira
984 1129 1184 1205 potius.
1268 1125 1441 1199 Nam,
1477 1127 1525 1184 si
1566 1126 1779 1185 crimen
1822 1137 1911 1185 est
1949 1124 2219 1208 ¹⁰[illum]

247 1229 512 1298 voluisse,
533 1247 645 1285 non
671 1227 859 1283 minus
887 1243 1157 1302 magnum
1178 1231 1268 1281 est
1285 1241 1389 1281 vos
1413 1222 1693 1296 Africam,
1713 1220 1944 1283 ¹¹arcem
1970 1227 2224 1284 omnium

249 1325 689 1403 provinciarum,
714 1333 906 1381 natam
934 1321 1008 1380 ad
1033 1320 1248 1378 bellum
1274 1328 1474 1379 eontra
1500 1320 1647 1378 hanc
1675 1322 1873 1380 urbem
1899 1322 2217 1399 gerendum
2242 1334 2305 1383 10

247 1421 504 1480 obtinere
533 1419 779 1478 voluisse
806 1436 979 1494 quam
1004 1416 1255 1493 aliquem
1283 1433 1347 1475 se
1373 1415 1659 1475 maluisse.
1732 1415 1928 1493 Atque
1956 1418 2005 1476 is
2030 1427 2224 1477 tamen

249 1517 456 1594 aliquis
498 1515 766 1592 Ligarius
806 1532 923 1574 non
957 1513 1082 1571 fnit.
1164 1511 1359 1571 Varus
1392 1513 1695 1589 imperium
1730 1531 1793 1572 se
1826 1514 2038 1574 habere
2075 1516 2227 1574 dice·

249 1614 380 1672 bat.
427 1611 609 1670 fascae
635 1619 790 1669 certe
816 1610 1081 1668 habebat.
1175 1608 1270 1666 23.
1312 1606 1430 1667 Sed
1469 1605 1740 1685 1’quoquo
1779 1611 1947 1669 modo
1984 1629 2047 1669 se
2083 1611 2227 1670 illud

250 1709 440 1780 habet,
473 1708 616 1766 haee
656 1707 893 1783 querela
932 1716 1125 1764 vestra
1162 1704 1302 1780 quid
1341 1703 1542 1764 valet?
1619 1711 1653 1740 “
1678 1702 1959 1783 ¹⁸Recepti
1999 1709 2057 1765 in
2095 1727 2227 1785 pro-

250 1806 498 1864 vinciam
544 1821 659 1861 non
706 1801 951 1861 sumus-’⁹
1054 1800 1212 1876 Quid
1255 1800 1305 1860 si
1345 1797 1635 1860 “essetisi’
1737 1801 2046 1863 Caesarine
2092 1824 2222 1864 eam
2246 1819 2307 1866 16

250 1903 514 1963 tradituri
555 1900 757 1971 fuistis,
797 1919 871 1959 an
914 1909 1112 1958 contra
1153 1897 1464 1958 Caesarem
1503 1900 1828 1959 retenturi?

329 2000 512 2081 vm.
594 1999 764 2069 Vide,
799 1999 936 2076 quid
976 1997 1259 2068 licentiae,
1302 1995 1536 2070 Caesar,
1575 1998 1737 2057 nobis
1778 2007 1880 2058 tua
1917 1997 2228 2058 liberalitas

249 2099 348 2157 det
372 2097 473 2157 vel
496 2097 686 2174 potius
712 2096 1000 2154 audaciae.
1083 2092 1147 2153 Si
1175 2092 1533 2171 responderit.
1558 2092 1791 2153 Tubero
1809 2093 2088 2166 Africam,
2114 2114 2230 2171 quo

248 2204 484 2254 senatus
523 2211 656 2251 eum
695 2210 932 2268 sorsque
971 2190 1222 2261 miserat,
1260 2189 1365 2248 tibi
1405 2200 1627 2268 patrem
1675 2210 1842 2250 suum
1888 2192 2230 2250 traditurum

248 2291 442 2363 fuisse,
468 2311 580 2351 non
607 2291 879 2350 dubitabo
904 2289 1059 2365 apud
1084 2289 1274 2367 ipsum
1300 2298 1374 2359 te,
1400 2287 1565 2364 cujus
1592 2288 1652 2347 id
1678 2306 1809 2346 eum
1836 2287 2026 2348 faeere
2052 2288 2228 2348 inter-
2245 2300 2311 2350 20

247 2387 377 2456 fuit,
416 2387 774 2466 gravissimis
815 2386 1005 2444 verbis
1046 2383 1180 2461 ejus
1211 2384 1513 2444 eonsilium
1555 2384 1994 2461 reprehendere.
2091 2385 2231 2444 Non

247 2483 424 2555 enim,
463 2484 512 2541 si
552 2483 653 2541 tibi
693 2500 766 2540 ea
803 2498 896 2539 res
935 2489 1101 2557 grata
1139 2478 1359 2553 fuisset,
1393 2488 1546 2539 esset
1584 2480 1759 2539 etiam
1800 2482 2053 2557 probata.
2134 2482 2231 2540 24.

248 2580 375 2643 sed
405 2579 530 2657 jam
557 2582 665 2639 hoc
690 2590 871 2639 totum
897 2579 1114 2649 omitto,
1140 2597 1253 2638 non
1279 2586 1403 2638 tam
1428 2596 1503 2636 ne
1529 2575 1812 2636 offendam
1848 2586 1977 2636 tuas
2012 2578 2231 2654 patien-

245 2677 501 2736 tissimas
547 2694 731 2745 aures,
778 2693 952 2751 quam
997 2692 1073 2732 ne
1111 2671 1363 2745 Tubero,
1404 2673 1558 2749 quod
1606 2691 1897 2750 nunquam
1945 2675 2231 2751 cogitavit,

243 2773 506 2834 facturus
543 2771 718 2831 fuisse
758 2773 1037 2831 videatur.
1118 2770 1457 2831 veniebatis
1497 2771 1674 2848 igitur
1711 2772 1772 2829 in
1799 2770 2061 2830 Africam
2098 2790 2226 2848 pro-
2245 2782 2311 2831 25

245 2868 521 2940 vinciam,
548 2887 719 2927 unam
755 2888 830 2927 ex
867 2869 1130 2927 omnibus
1155 2863 1312 2928 ¹huic
1349 2868 1626 2927 victoriae
1661 2868 1912 2927 maxime
1952 2867 2234 2940 infestam,

244 2964 311 3023 in
355 2978 472 3039 qua
510 2972 636 3020 erat
660 2960 789 3020 ²'rex
830 2962 1268 3039 potentissimus,
1307 2961 1569 3021 inimicus
1611 2961 1744 3021 huie
1784 2980 2007 3031 causae,
2047 2963 2236 3021 aliena

247 3059 535 3126 voluntas,
562 3055 896 3117 ³conventus
935 3059 1086 3117 firmi
1126 3068 1299 3135 atque
1340 3059 1553 3136 magni.
1637 3056 1887 3132 Quaero,
1911 3055 2095 3133 ⁴Quid
2120 3058 2236 3117 fac·

246 3155 370 3214 turi
408 3152 642 3213 fuistis?
681 3174 1045 3233 quamquam,
1072 3155 1208 3231 quid
1247 3154 1453 3214 facturi
1480 3155 1719 3228 fueritis,
1757 3156 2027 3228 dubitem,
2055 3176 2232 3234 quum

245 3250 498 3316 videam,
540 3252 678 3326 quid
717 3250 1011 3311 feceritis?
1103 3250 1391 3311 Prohibiti
1432 3254 1570 3312 estis
1609 3252 1671 3312 in
1714 3255 2008 3333 provincia
2047 3264 2316 3313 vestram

247 3347 462 3426 pedem
502 3362 735 3423 ponere,
776 3358 834 3407 et
874 3347 1142 3426 prohibiti
1184 3365 1409 3406 summa
1450 3367 1580 3408 cum
1621 3349 1848 3428 injuria.
1943 3351 2036 3409 25.
2085 3351 2240 3426 Quo-

245 3445 419 3505 modo
447 3443 509 3501 id
536 3442 788 3502 tulistis?
826 3454 1097 3523 acceptae
1133 3442 1379 3519 injuriae
1421 3446 1721 3522 querelam
1759 3451 1832 3509 ad
1869 3467 2042 3525 quem
2080 3451 2240 3508 detu-

245 3543 395 3602 listis
416 3539 445 3599 ?
526 3538 754 3617 Nempe
788 3543 861 3601 ad
894 3559 1046 3609 eum,
1076 3537 1241 3613 cujus
1275 3543 1678 3602 auctoritatem
1714 3546 1892 3606 secuti
1920 3545 1979 3601 in
2004 3547 2240 3604 societa-

247 3649 368 3696 tem
410 3636 547 3695 belli
593 3639 889 3697 veneratis.
973 3634 1144 3711 Quod
1185 3637 1235 3705 si
1267 3633 1532 3697 Caesaris
1573 3659 1751 3702 causa
1787 3642 1846 3701 in
1886 3642 2241 3717 provinciam

247 3731 570 3770 wnfldnhnffufl
637 3732 704 3770 αι]
760 3753 808 3770 n·
811 3753 886 3770 vm
953 3729 1210 3770 nmfnnffn
1277 3732 1497 3770 nvnlnm
1554 3738 1721 3770 nnn-‚2
1705 3739 1847 3770 ..ι-η’..
1919 3737 2049 3770 nvn-22
2084 3738 2217 3770 nnb‘fl
2257 3748 2319 3770 οι
