2885 3782
557 127 674 184 848
797 139 1039 184 omno
1079 138 1205 183 rao
1247 141 1302 181 r.
1343 140 1548 185 mro
1590 139 1860 197 numm,
1902 140 2042 185 οη.
2082 141 2371 184 xxxvm.

714 299 1085 358 XXXVIII.
1168 300 1405 360 Utinam
1446 301 1525 359 dii
1564 301 1915 360 immortales
1962 301 2225 360 fecissent
2270 301 2441 377 (paee
2481 314 2597 370 tua,

634 398 835 475 patria,
866 397 1146 465 dixerim;
1185 409 1380 455 metuo
1407 398 1578 468 enim,
1607 417 1679 456 ne
1720 398 1996 456 scelerate
2036 398 2222 456 dicam
2250 399 2310 455 in
2338 411 2415 468 te,
2443 399 2597 473 quod

631 515 736 573 pro
775 494 996 552 Milone
1037 493 1220 551 dicam
1260 493 1405 571 pie),
1433 490 1672 552 'utinam
1715 494 1786 552 P.
1820 493 2049 554 Clodius
2089 514 2202 553 non
2244 496 2417 552 modo
2443 495 2597 552 vive-

630 604 736 664 ret,
776 593 876 650 sed
919 592 1093 649 etiam
1136 602 1380 666 praetor,
1423 591 1641 663 consul,
1681 592 1923 650 dictator
1971 603 2123 650 esset
2170 591 2381 667 potiuS,
2422 610 2593 667 quam

584 689 740 750 bhoc
767 689 1153 765 spectaculum
1196 687 1484 745 viderem!
1570 689 1701 745 104.
1743 686 1798 747 Ο
1826 688 1906 746 dii
1944 688 2327 746 immortales!
2367 687 2593 746 ²fortem

630 795 691 845 et
716 806 754 845 a
780 776 959 856 vobi'S,
981 784 1225 860 judices,
1268 785 1723 842 conservandum
1765 786 1987 843 virum!
2068 790 2102 819 ‘⁴
2126 785 2395 856 Minime,
2434 785 2596 843 mini·

627 902 738 953 me,
780 880 1002 960 ⁸inquit.
1111 881 1301 939 Immo
1353 899 1493 939 vero
1539 900 1754 958 poenas
1802 882 1902 940 ille
1950 882 2168 941 debitas
2222 881 2431 940 luerit:
2490 901 2591 939 nos

628 982 947 1051 subeamuS,
993 982 1042 1039 si
1096 980 1177 1038 ita
1231 997 1462 1037 neeesse
1511 987 1617 1050 est,
1664 998 1776 1036 non
1832 978 2103 1037 debitas.''
2204 978 2453 1036 Hiccine
2506 978 2593 1035 vir

626 1071 867 1152 *patriae
909 1089 1076 1133 natus
1120 1094 1358 1151 usquam
1389 1074 1509 1148 ⁴nisi
1552 1073 1612 1131 in
1653 1074 1839 1149 patria
1879 1073 2169 1144 morietur,
2194 1085 2312 1145 aut,
2342 1075 2390 1130 si
2432 1073 2592 1142 forte,

553 1183 614 1231 10
630 1191 735 1247 pro
762 1171 988 1249 patria?
1028 1172 1196 1248 hujus
1226 1192 1326 1230 vos
1351 1169 1550 1229 ³animi
1577 1181 1943 1229 monumenta
1978 1169 2314 1239 retinebitis,
2343 1171 2593 1247 corporis

625 1264 708 1325 “in
735 1268 906 1327 Italia
931 1269 1150 1326 nullum
1192 1270 1519 1348 sepulcrum
1563 1286 1688 1326 esse
1729 1266 2060 1344 patiemini?
2102 1269 2252 1325 hunc
2293 1285 2405 1325 sua
2444 1267 2594 1343 quis-

625 1383 802 1439 quam
845 1366 1125 1424 sententia
1174 1386 1253 1424 ex
1297 1367 1406 1425 hac
1455 1368 1597 1425 urbe
1647 1364 1914 1441 expellet,
1952 1383 2125 1440 quem
2172 1383 2376 1421 omnes
2426 1366 2594 1422 uffies

627 1461 936 1537 expulsum
975 1481 1012 1520 a
1051 1462 1211 1521 vobis
1251 1463 1326 1520 ad
1366 1481 1428 1520 se
1479 1458 1807 1521 vocabunt?
1892 1461 2022 1517 105.
2071 1458 2126 1519 O
2175 1469 2391 1518 terram
2442 1460 2595 1517 illam

627 1558 871 1629 beatam,
926 1576 1073 1633 quae
1127 1559 1281 1616 hunc
1336 1560 1524 1616 virum
1590 1557 1919 1634 exceperit3
1985 1556 2134 1614 hanc
2186 1556 2499 1631 ingratam,
2550 1556 2599 1613 si

551 1666 613 1714 16
629 1652 874 1728 ejecerit,
919 1654 1199 1725 miseram,
1241 1655 1290 1712 si
1331 1654 1614 1714 amiserit!
1700 1652 1820 1713 Sed
1858 1653 1986 1712 finis
2026 1652 2116 1712 sit.
2200 1652 2419 1729 Neque
2447 1653 2599 1711 enim

626 1769 768 1826 prae
809 1750 1055 1809 lacrimis
1089 1750 1212 1826 jam
1251 1751 1407 1828 loqui
1450 1769 1696 1828 possum,
1739 1761 1798 1809 et
1837 1752 1929 1810 hie
1968 1768 2031 1808 se
2073 1750 2326 1808 lacrimis
2366 1749 2600 1808 defendi

627 1857 800 1906 vetat.
883 1847 1004 1906 Vos
1031 1867 1130 1906 oro
1156 1849 1534 1925 obtestorque,
1553 1847 1794 1925 judiees,
1823 1859 1887 1907 ut
1913 1848 1971 1907 in
1999 1847 2296 1907 sententiis
2325 1847 2598 1917 ferend’ss,

627 1945 782 2019 quod
833 1945 1100 2015 sentietis,
1147 1945 1206 2003 id
1253 1945 1528 2004 audeatis.
1630 1945 1897 2005 Vestram
1952 1946 2242 2019 virtutem,
2289 1944 2596 2022 justitiam,

626 2038 816 2109 fidem,
862 2041 1002 2098 mihi
1057 2040 1286 2110 credite,
1334 2041 1382 2099 is
1427 2040 1677 2099 maxime
1727 2040 2003 2118 probabit,
2043 2041 2143 2116 qui
2193 2040 2253 2097 in
2313 2039 2597 2114 iudicibus

547 2146 613 2195 20
628 2134 884 2212 legendis
911 2136 1188 2214 optimum
1215 2147 1274 2195 et
1300 2135 1781 2214 sapientissimum
1809 2146 1870 2195 et
1904 2135 2275 2196 fortissimum
2308 2155 2597 2214 quemque

626 2230 854 2312 delegit.
