2885 3782
606 431 723 491 786
1510 445 1750 491 omno

683 626 1022 686 magnorum
1043 609 1143 667 vel
1166 608 1228 668 in
1256 626 1387 667 suos
1415 607 1574 668 cives
1599 607 1695 666 vel
1720 607 1781 667 in
1808 606 2057 685 patriam
2072 605 2173 664 vel
2196 605 2257 663 in
2277 623 2452 664 omne
2475 622 2648 682 genus

683 705 981 763 hominum
1009 703 1164 763 fama
1189 705 1548 763 meritorum.
1938 693 1947 702 ’

764 802 882 860 ΙΧ.
965 803 1059 860 27.
1101 801 1269 859 Haec
1302 801 1479 878 igitur
1504 799 1607 859 tibi
1640 799 1865 876 reliqua
1891 816 2024 876 pars
2049 807 2173 857 aet:
2214 794 2333 857 ¹hie
2358 806 2541 856 restat
2564 815 2651 854 nn-

686 909 815 957 tus:
854 899 915 956 in
964 899 1072 956 hoc
1119 898 1530 956 elaborandum
1578 905 1680 966 est,
1728 907 1793 953 ut
1845 914 1970 954 rem
2016 895 2311 972 publicam
2351 895 2651 952 constituas

632 1008 871 1071 zeaque
913 1007 975 1052 tu
1016 996 1076 1052 in
1118 995 1316 1071 primis
1358 1012 1585 1051 summa
1619 991 2032 1068 tranquillitate
2064 1001 2127 1049 et
2154 992 2274 1048 otio
2320 990 2653 1066 perfruat-e:

687 1102 810 1150 tum
849 1104 920 1159 te,
944 1093 992 1149 si
1035 1092 1210 1162 voles,
1237 1109 1414 1166 quum
1441 1090 1678 1167 patriae,
1705 1089 1862 1165 quod
1899 1089 2091 1159 debes,
2118 1087 2383 1156 solveris,
2411 1098 2474 1145 et
2498 1097 2655 1146 natu·

685 1205 811 1245 ram
867 1188 1050 1263 ipsam
1104 1186 1432 1263 expleveris
1481 1186 1743 1245 satietate
1799 1183 2049 1254 vivendi,
2096 1183 2234 1240 satis
2299 1183 2407 1240 diu
2447 1184 2655 1240 vixisse

685 1281 899 1342 'dicito.
986 1283 1141 1358 Quid
1164 1293 1252 1342 est
1280 1285 1433 1342 enim
1461 1283 1572 1342 hoc
1609 1282 1799 1360 ipsum
1824 1282 1942 1352 diu,
1970 1281 2029 1337 in
2057 1298 2170 1356 quo
2197 1289 2287 1336 est
2313 1279 2539 1354 aliquid
2558 1297 2656 1336 ex·

686 1378 981 1439 tremum?
1020 1380 1174 1455 quod
1218 1399 1397 1456 quum
1446 1381 1622 1448 venit,
1648 1378 1833 1438 omnis
1880 1377 2142 1455 voluptas
2188 1377 2513 1452 praeterita
2560 1394 2657 1451 pro

610 1487 674 1536 10
699 1475 879 1533 nihilo
926 1486 1030 1546 est,
1073 1477 1211 1552 quia
1257 1488 1461 1553 postea
1506 1476 1667 1533 nulla
1710 1483 1799 1533 est
1844 1472 2055 1531 futura-
2139 1470 2515 1546 Quamquam
2558 1472 2655 1527 iste

685 1581 820 1630 tuus
863 1574 1087 1631 animus
1135 1591 1429 1648 nunquam
1473 1572 1565 1631 his
1602 1572 1902 1649 angustiis,
1928 1589 2072 1647 quas
2116 1580 2328 1627 natura
2378 1570 2543 1627 nobis
2588 1569 2657 1627 ad

689 1670 999 1727 vivendum
1025 1670 1198 1738 dedit,
1221 1680 1527 1728 contentus
1546 1667 1689 1736 fuit3
1724 1687 1950 1744 semper
1973 1664 2443 1725 ⁸immortulitatis
2468 1685 2657 1726 amore

685 1766 967 1842 flagravit.
1050 1767 1144 1824 28.
1187 1766 1316 1824 Nee
1343 1785 1483 1825 vero
1509 1766 1655 1825 haec
1680 1775 1781 1824 ma
1806 1766 1929 1824 vita
1950 1764 2212 1822 ducenda
2237 1775 2345 1834 est,
2364 1782 2517 1839 quae
2542 1783 2658 1822 cor·

688 1880 825 1938 pore
872 1871 932 1920 et
978 1862 1181 1938 spiritu
1228 1863 1568 1921 continetur.
1649 1860 1780 1933 Illa,
1807 1861 2061 1938 inquam,
2098 1860 2199 1918 illa
2246 1860 2372 1919 vita
2418 1869 2509 1919 est
2546 1872 2655 1927 tua.

612 1972 673 2019 16
701 1979 850 2035 quae
887 1961 1104 2036 vigebit
1142 1961 1421 2019 metum-Ia
1459 1960 1781 2019 seculorum
1826 1960 2095 2029 omnium,
2133 1977 2309 2033 quam
2360 1960 2656 2035 posteritas

687 2054 819 2125 alet,
846 2074 1017 2131 quam
1056 2056 1183 2131 ipsa
1216 2056 1520 2113 aeternitas
1561 2073 1792 2132 semper
1815 2055 2083 2113 tuebitur.
2158 2052 2349 2112 *Huic
2376 2066 2441 2112 tu
2467 2053 2657 2112 ‘inser-

689 2152 830 2221 νίας,
857 2152 989 2210 huic
1042 2160 1101 2208 te
1155 2161 1403 2209 ostentes
1455 2160 1694 2228 oportet,
1734 2169 1884 2227 quae
1923 2151 2171 2227 quidem,
2211 2170 2366 2226 quae
2407 2154 2656 2220 miretur,

682 2245 1036 2323 jampridem
1084 2247 1261 2305 multa
1301 2248 1493 2320 habet,
1523 2266 1678 2307 nunc
1702 2248 1879 2306 etiam
1917 2266 2067 2323 quae
2105 2247 2304 2305 laudet
2351 2258 2656 2325 exspectnt.

689 2343 1115 2420 obstupescent
1167 2344 1378 2420 posteri
1431 2354 1587 2403 certe
1640 2344 1899 2421 imperia,
1959 2343 2299 2420 provincias,
2375 2343 2657 2415 Rhenum,

608 2451 674 2499 20
700 2437 1016 2511 Oceanum,
1056 2440 1276 2511 Nilum,
1315 2460 1539 2517 pugnas
1578 2440 2037 2511 innumerabileS,
2079 2440 2451 2498 incredibiles
2494 2442 2658 2499 vieto-

687 2535 824 2606 rias,
862 2548 1248 2605 monumenta,
1280 2532 1563 2606 “munem
1604 2536 1921 2612 triumphos
1967 2536 2262 2594 audientes
2304 2546 2369 2594 et
2408 2537 2658 2614 legente·

685 2626 851 2687 rtuos.
920 2631 1013 2688 29.
1057 2630 1175 2691 Sed
1201 2631 1307 2687 nisi
1337 2632 1482 2689 haec
1507 2633 1645 2689 urbs
1664 2631 1916 2690 stabilita
1938 2631 2051 2689 tuis
2077 2631 2331 2689 consiliis
2358 2643 2421 2690 et
2448 2633 2661 2690 institu-

688 2727 760 2783 tis
787 2726 911 2795 erit,
939 2726 1240 2801 vagabitur
1265 2727 1433 2784 modo
1460 2745 1667 2785 nomen
1686 2735 1852 2785 tuum
1872 2726 2041 2803 louge
2066 2736 2241 2802 atque
2270 2727 2429 2786 late:
2472 2729 2661 2787 sedem

687 2822 949 2880 stabilem
989 2830 1048 2880 et
1087 2822 1434 2879 domicilium
1474 2832 1695 2881 certum
1734 2842 1849 2880 non
1890 2823 2137 2881 habebit.
2221 2821 2360 2881 Erit
2392 2825 2546 2883 inter
2570 2840 2661 2882 eos

608 2933 674 2980 25
693 2922 881 2991 etiam,
922 2920 1021 2996 qui
1060 2929 1382 2990 nascentur,
1427 2921 1578 2978 sicut
1615 2921 1767 2978 inter
1805 2939 1910 2979 nos
1948 2920 2074 2989 fuit,
2109 2939 2325 2997 magna
2372 2922 2661 2989 dissensio,

687 3035 868 3091 quum
909 3016 1008 3073 alii
1048 3015 1313 3073 laudibus
1352 3016 1428 3072 ad
1469 3016 1693 3075 coelum
1718 3034 1811 3074 res
1852 3027 1979 3075 tuas
2024 3026 2215 3092 gestas
2263 3015 2533 3088 efferent,
2571 3017 2662 3076 ulii

685 3111 928 3170 sortasse
973 3112 1192 3187 aliquid
1238 3108 1573 3187 ‘nequii-ent,
1620 3112 1794 3187 idque
1836 3113 1929 3170 vel
1968 3113 2307 3180 maximum,
2368 3112 2484 3171 nisi
2532 3112 2661 3171 belli

687 3208 870 3266 civilis
917 3208 1241 3266 incendium
1289 3208 1473 3265 salute
1528 3208 1747 3285 patriae
1794 3208 2175 3275 restinxeris3
2226 3204 2315 3266 ¹'ut
2364 3209 2514 3267 illud
2567 3208 2663 3266 fui

687 3303 864 3362 fuisse
890 3305 1170 3375 videatur,
1197 3305 1305 3361 boe
1331 3304 1570 3362 consilii.
1654 3303 1821 3363 Servi
1850 3304 2029 3380 igitur
2052 3304 2124 3361 iis
2151 3305 2330 3362 etiam
2348 3304 2661 3379 judicibus,

608 3409 676 3459 8⁰
693 3400 794 3473 qui
820 3400 1013 3456 multis
1039 3409 1167 3474 post
1192 3399 1398 3457 seculis
1425 3400 1499 3457 de
1526 3409 1584 3458 te
1602 3399 1945 3474 judicabunt
1972 3410 2033 3458 et
2057 3400 2290 3476 quidem
2318 3396 2523 3459 ¹⁰haud
2549 3402 2663 3460 scio

687 3514 761 3552 an
795 3496 1176 3554 incorruptius
1208 3514 1383 3556 uuam
1416 3514 1560 3558 11083
1599 3514 1733 3553 nam
1761 3506 1820 3553 et
1845 3496 1969 3555 sine
2003 3514 2196 3554 amore
2222 3506 2284 3554 et
2310 3496 2439 3556 sine
2468 3494 2664 3558 ”cuni-
