2885 3782
1034 388 1100 430 ιι.
1141 386 1515 432 maenae.
2056 362 2073 370 ’
2176 370 2302 432 -899

242 547 536 624 praeclare
573 545 854 617 memini;
891 548 996 607 sed
1035 548 1190 606 idem
1230 548 1405 607 etiam
1445 548 1548 606 ina
1572 548 1709 620 vidi,
1732 566 1923 625 neque
1948 558 2009 608 te
2049 546 2229 608 eonsi-

239 641 590 707 liu'mszivilis
613 642 757 700 belli
783 643 865 701 its
888 643 1124 720 gerendi
1144 662 1254 702 nee
1272 644 1467 719 copias
1492 642 1598 702 Cn.
1621 643 1887 721 Pompeii
1910 664 2017 702 nee
2043 662 2226 720 genus

243 740 526 797 exercitus
555 740 809 815 probare
832 758 1172 816 semperque
1200 758 1422 798 summe
1449 740 1743 809 diffidere3
1785 741 1978 815 quain
2000 752 2227 800 senten-

243 835 314 893 tis
328 855 422 893 me
443 854 687 911 quoque
709 833 890 893 fuisse
905 836 1185 895 memoria
1202 846 1400 894 tenere
1421 844 1481 894 te
1500 836 1763 894 arbitror.
1810 835 2019 912 Itaque
2039 854 2226 913 neque

243 938 299 988 tu
331 930 585 989 multum
615 928 930 989 interfuisti
957 931 1128 991 rebus
1154 931 1423 1008 gerendis
1452 939 1511 988 et
1536 949 1644 1008 ego
1670 931 1731 988 id
1754 948 1987 1008 semper
2013 934 2125 1009 egi,
2151 950 2226 991 ne
2275 946 2307 993 ⁶

243 1026 596 1086 interessem.
680 1026 822 1085 Non
861 1027 1014 1085 enim
1040 1027 1111 1085 iis
1147 1028 1321 1086 rebus
1359 1028 1771 1103 pugnabamus,
1799 1029 2004 1102 quibus
2033 1029 2229 1087 valere

243 1132 587 1199 poteramus,
616 1122 878 1195 oonsilio,
899 1124 1254 1195 auctoritate,
1282 1141 1472 1195 eausa,
1491 1141 1642 1199 quae
1668 1124 1917 1182 emmiu
1944 1125 2110 1183 nobis
2135 1144 2231 1183 su-

244 1221 481 1295 periora,
497 1220 608 1278 sed
628 1219 864 1278 lacertis
878 1230 938 1277 et
952 1220 1187 1291 viribus,
1202 1220 1414 1296 quibus
1433 1238 1607 1295 pares
1623 1238 1738 1278 nen
1758 1236 2004 1277 eramus.
2072 1219 2232 1281 Victi

243 1333 438 1373 sumus
479 1316 677 1392 igitur,
706 1326 825 1387 aut,
851 1315 900 1373 si
929 1315 1080 1374 vinei
1121 1315 1370 1392 dignitas
1396 1334 1514 1374 non
1552 1323 1755 1391 potest,
1780 1314 1949 1373 fructi
1989 1325 2145 1374 certe
2170 1326 2232 1374 et

240 1410 470 1486 abjecti.
552 1411 632 1469 In
657 1430 779 1486 quo
797 1422 957 1469 tuum
974 1411 1274 1471 eonsilium
1301 1430 1472 1473 nemo
1492 1418 1680 1487 potest
1697 1428 1812 1469 non
1832 1411 2085 1469 maxime
2106 1411 2311 1473 lau-10

242 1505 402 1577 dare,
426 1507 581 1582 quod
627 1525 762 1565 eum
810 1524 911 1582 spe
938 1506 1202 1565 vincendi
1244 1507 1417 1564 simul
1459 1505 1720 1581 abjecisti
1759 1506 2014 1593 certandi
2054 1507 2230 1565 etim

241 1603 620 1679 cupiditatem
661 1602 1076 1679 ostendistique
1118 1603 1438 1679 sapientem
1481 1612 1543 1661 et
1582 1603 1795 1661 bonum
1842 1588 2029 1660 civem
2067 1603 2233 1661 initia

240 1696 383 1757 belli
412 1698 598 1756 civilis
627 1698 873 1755 invitum
899 1699 1205 1775 suscipere,
1225 1708 1489 1758 extrema
1516 1699 1761 1756 libenter
1786 1716 1901 1757 non
1944 1698 2230 1774 persequi.

239 1793 294 1855 8.
340 1792 470 1867 Qui
507 1813 624 1853 non
660 1794 812 1853 idem
839 1795 1153 1866 eonsilium,
1178 1795 1333 1871 quod
1360 1804 1441 1866 tu,
1469 1795 1649 1853 secuti
1674 1804 1825 1866 sunt,
1851 1813 1949 1852 eos
1974 1794 2187 1854 video'
2168 1812 2231 1853 m

239 1891 358 1950 duo
388 1910 614 1968 genera
638 1909 764 1950 esse
786 1890 1098 1951 distractos.
1180 1891 1309 1951 Aut
1328 1891 1485 1950 euim
1506 1891 2020 1951 renovarebellum
2041 1891 2228 1951 eonati
2249 1905 2317 1972 115ι

240 1997 398 2059 sunu
439 1988 621 2063 hique
661 2006 723 2045 se
762 1988 824 2045 in
864 1987 1128 2046 Africum
1168 1989 1570 2057 contulerunt3
1608 1997 1724 2060 aut,
1751 1988 2231 2063 quemadmodum

239 2099 362 2155 nos,
393 2083 603 2141 victori
630 2101 756 2142 sese
782 2083 1163 2141 crediderunt.
1246 2082 1511 2142 Medium
1533 2082 1820 2157 quoddam
1843 2092 2002 2140 tuum
2025 2083 2232 2141 eonsil-

241 2178 366 2236 ium
392 2176 521 2249 fuit,
549 2179 648 2253 qui
675 2178 782 2237 hoe
805 2178 1049 2238 fortasse
1074 2178 1307 2237 humilis
1328 2179 1509 2238 animi
1529 2179 1789 2250 duceres,
1807 2178 1950 2236 illud
1978 2179 2227 2254 pertina-

241 2274 342 2332 eis.
430 2272 648 2332 Fateor
672 2293 708 2332 a
733 2273 1038 2350 plerisque,
1066 2274 1161 2332 vel
1189 2273 1377 2332 dicam
1402 2275 1479 2332 ab
1505 2273 1785 2345 omnibus,
1813 2273 2043 2349 sapiens
2068 2283 2232 2332 tuum

241 2371 567 2440 eonsilium,
607 2388 644 2428 a
680 2370 877 2428 multis
919 2365 1093 2427 etiam
1133 2370 1328 2446 magni
1369 2387 1456 2442 ae,
1479 2368 1642 2428 sortis
1683 2370 1860 2428 animi
1893 2368 2229 2444 judicatum.
2246 2382 2312 2432 20

243 2464 370 2526 Sed
396 2467 575 2524 hebet
599 2462 730 2526 ⁸ista
766 2466 932 2537 ratio,
959 2475 1024 2524 ut
1062 2466 1204 2526 mihi
1244 2466 1483 2541 quidem
1509 2466 1757 2537 videtur,
1786 2467 2073 2540 quendam
2112 2486 2234 2526 mo-

239 2560 420 2629 dnm3
461 2561 801 2638 praesertim
831 2579 1010 2636 quum
1050 2561 1158 2619 tibi
1185 2561 1328 2618 nihil
1355 2561 1557 2619 deesse
1584 2562 1831 2619 arbitrer
1856 2561 1932 2619 ad
1965 2570 2092 2620 tuas
2118 2560 2234 2620 for-

241 2665 416 2715 tunas
440 2675 641 2713 omnes
668 2653 1002 2715 obtinendas
1041 2665 1273 2734 praeter
1299 2657 1669 2716 voluntatem.
1759 2643 1859 2715 Sic
1886 2658 2041 2715 enim
2067 2657 2234 2716 intel-

237 2751 386 2825 lexi,
403 2752 553 2810 nihil
578 2752 730 2810 uliud
757 2767 901 2823 esse,
913 2753 1063 2827 quod
1086 2753 1497 2810 dubitationem
1527 2751 1758 2810 afferret
1774 2753 1847 2823 ei,
1865 2772 2042 2829 penes
2060 2771 2233 2828 quem

235 2857 341 2907 est
363 2859 631 2925 potestas,
657 2848 766 2906 nisi
793 2848 946 2924 quod
975 2858 1285 2922 vereretur,
1314 2869 1389 2909 ne
1419 2860 1481 2908 tu
1509 2851 1652 2908 illud
1678 2850 2020 2910 beneficium
2050 2850 2311 2911 omni-26

233 2962 326 3003 no
352 2963 465 3004 non
506 2954 754 3021 putares.
842 2943 937 3002 De
961 2964 1075 3020 quo
1103 2946 1242 3020 quid
1284 2947 1545 3019 sentiam,
1573 2943 1737 3005 ‘nihil
1776 2948 1983 3005 attinet
2021 2948 2234 3018 dicere,

231 3057 428 3116 quum
447 3049 740 3117 appareat,
758 3041 886 3116 ipse
905 3041 1041 3115 quid
1059 3040 1315 3100 fecerim.
1387 3045 1445 3102 4.
1476 3041 1595 3102 Sed
1613 3043 1838 3100 tametsi
1852 3041 1977 3124 jam
1998 3043 2081 3100 ita
2100 3055 2232 3099 eou-

232 3136 549 3207 ofituisses,
576 3147 638 3196 ut
661 3139 864 3196 abesse
891 3148 1169 3214 perpetuo
1197 3143 1399 3201 malles
1420 3161 1598 3218 quam
1625 3160 1713 3213 ea,
1744 3157 1893 3217 quae
1922 3142 2120 3209 nolles,
2148 3140 2234 3196 vi-

228 3230 420 3300 ἀει-ες
443 3239 631 3291 tumen
648 3233 710 3291 id
723 3232 976 3307 eogitare
995 3235 1255 3309 deberes,
1275 3239 1602 3320 ubieunque
1625 3256 1797 3308 esses,
1818 3247 1873 3297 te
1892 3236 2047 3298 fore‘
2031 3254 2090 3292 m
2109 3234 2235 3309 ejus

221 3328 451 3405 1139598,
467 3348 635 3406 (luem
653 3329 903 3407 fugeres,
923 3341 1215 3406 potestate.
1302 3337 1419 3413 Qui
1440 3339 1492 3396 si
1512 3337 1681 3397 facile
1702 3355 1977 3414 passurus
1997 3342 2151 3394 esset
2170 3340 2229 3391 te
2248 3341 2314 3390 80

220 3435 537 3473 mmmm
559 3437 702 3473 Mstm
657 3428 744 3473 ''3ss
764 3437 832 3473 nst
853 3428 990 3473 cndu
974 3453 1050 3473 nm
1056 3436 1218 3473 annia
1240 3455 1296 3473 nn
1299 3439 1438 3473 nne-bn
1466 3449 1522 3473 ΛΟ
1502 3440 1582 3474 431
1588 3441 1723 3473 lan-n
1748 3439 1805 3473 ”2
1811 3455 1947 3473 nnn-n
1983 3434 2235 3473 must-n..
