2885 3782
656 181 832 243 hiemi
859 181 1281 259 navigationem
1310 180 1724 257 subjiciendam
1750 202 1864 243 non
1893 182 2275 243 existimabat.
2358 181 2500 260 Ipse
2517 183 2632 244 ido·

655 298 829 339 neam
868 289 1266 355 tempestatem
1294 290 1493 338 nactus
1519 279 1715 356 paullo
1742 289 1870 356 post
1897 280 2172 337 mediam⁰
2201 288 2428 339 noctem
2455 300 2635 340 nave·

655 376 843 447 solvit,
886 394 1036 451 quae
1076 394 1273 433 omnes
1319 375 1630 434 incolumes
1670 375 1747 434 ad
1789 377 2176 434 continentem
2212 387 2635 453 pervener-unu

656 471 761 530 sed
799 490 878 529 ex
905 472 977 529 iis
1004 472 1304 529 onerariae
1331 470 1482 529 duae
1520 465 1792 542 ⁸eosdem‚
1816 489 1960 546 quos
1999 471 2275 547 reliquae,
2316 482 2519 550 portus
2546 491 2634 548 cof

619 580 650 630 ὅ
662 586 807 645 pere
833 585 947 625 non
974 576 1299 643 potuerunt,
1326 576 1388 624 et
1411 566 1607 643 paullo
1632 565 1807 625 ⁴infra
1832 567 2058 627 delatae
2084 578 2233 627 sunt.

738 662 1079 720 XXXVII.
1120 659 1368 737 ¹Quibus
1384 681 1466 719 ex
1490 664 1734 721 navibus
1749 681 1928 738 quum
1950 674 2143 722 essent
2159 664 2406 741 expositi
2425 665 2635 724 militen

657 760 885 818 circiter
923 758 1179 828 trecenti,
1218 768 1395 833 atque
1434 757 1493 815 in
1535 768 1725 816 castra
1766 757 2191 830 contenderent,
2227 759 2463 832 Morini,
2490 779 2634 836 quos

660 853 878 914 Caesar
930 854 989 911 iu
1048 853 1413 911 Britanniam
1454 853 1818 932 proficiscens
1859 851 2113 932 'pacatos
2154 855 2488 931 reliquerat,
2534 875 2637 933 spo

657 951 906 1029 praedae
932 950 1161 1009 adducti
1192 950 1377 1025 primo
1403 967 1522 1007 non
1549 950 1629 1008 ita
1651 969 1859 1028 magno
1879 970 2112 1009 suorum
2132 957 2373 1010 numero
2395 954 2639 1012 circum·

581 1060 644 1109 ιο
660 1057 956 1119 steterunt,
981 1065 1068 1117 ac,
1098 1046 1149 1104 si
1188 1064 1317 1103 sese
1356 1045 1616 1105 interfici
1643 1047 1873 1118 nollent,
1900 1066 2063 1105 arma
2089 1066 2302 1124 ponere
2320 1048 2638 1123 jusserunt.

660 1144 857 1219 Quum
884 1144 983 1216 illi,
1011 1143 1150 1201 orbe
1176 1140 1346 1212 facte,
1375 1160 1506 1200 sese
1534 1140 1923 1215 defenderent,
1945 1143 2210 1201 celeriter
2227 1143 2302 1201 ad
2323 1144 2639 1204 clamorem

657 1241 955 1298 hominum
982 1238 1210 1296 circiter
1254 1238 1416 1295 milia
1441 1256 1549 1295 sex
1593 1247 1997 1296 convenerunt.
2084 1236 2218 1311 Qua
2243 1257 2308 1296 re
2347 1240 2642 1313 nunciata,

660 1334 880 1410 Caesar
903 1353 1132 1393 omnem
1159 1353 1237 1392 ex
1259 1335 1460 1392 castris
1489 1334 1806 1409 equitatum
1829 1335 2204 1392 suis⁸auxilio
2226 1334 2398 1392 misit.
2480 1334 2644 1394 Inte·

657 1431 769 1490 rim
796 1430 971 1490 nostri
992 1429 1202 1488 milites
1224 1430 1501 1505 impetum
1517 1429 1765 1506 hostium
1784 1430 2172 1488 sustinuerunt
2193 1437 2368 1505 atque
2387 1430 2641 1507 amplius

581 1541 644 1590 16
661 1523 843 1585 horisb
870 1535 1138 1602 quattuor
1165 1524 1474 1583 fortissime
1517 1534 1934 1602 pugnaverunt,
1961 1534 2020 1583 et
2059 1524 2257 1600 paucis
2299 1525 2644 1607 vulneribus

657 1625 925 1700 acceptis»,
961 1622 1285 1699 complures
1312 1640 1389 1680 ex
1434 1621 1524 1679 his
1565 1621 1912 1680 occiderunt.
1989 1616 2232 1679 ⁸Postea
2276 1639 2417 1679 vere
2459 1640 2646 1697 quam

658 1721 947 1797 equitatus
987 1728 1181 1776 noster
1218 1718 1281 1775 in
1321 1726 1694 1793 conspectum
1726 1716 1901 1787 venit,
1941 1717 2149 1788 hostes,
2177 1715 2418 1792 abjectis
2445 1718 2646 1791 armis,

657 1824 824 1894 terga
850 1823 1164 1884 verterunt,
1190 1830 1548 1890 magnusque
1577 1831 1774 1871 eorum
1802 1817 2076 1870 numerus
2103 1822 2190 1871 est
2216 1813 2460 1872 occisus„

741 1909 1116 1970 XXXVIII.
1200 1907 1418 1968 Caesar
1446 1913 1671 1985 postero
1696 1908 1790 1967 die
1817 1909 2017 1967 Titum
2041 1908 2362 1969 Labienum
2384 1885 2647 1989 legatum

579 2020 647 2075 2⁰
662 2027 792 2069 cum
822 2009 911 2065 his
946 2006 1284 2082 legionibus,
1313 2023 1457 2080 quas
1483 2023 1562 2063 ex
1591 2004 1896 2064 Britannia
1921 2005 2283 2076 reduxerat,
2269 2025 2329 2063 m
2358 2004 2649 2079 Morinos,

658 2105 763 2180 qui
786 2103 1155 2162 rebellionem
1185 2099 1457 2172 fecerant,
1483 2101 1656 2159 misit.
1739 2099 1857 2174 Qui
1881 2119 2062 2176 quum
2088 2112 2326 2178 propter
2349 2103 2647 2165 siccitates

658 2201 950 2280 paludum,
968 2196 1105 2275 ¹quo
1133 2216 1196 2257 se
1224 2199 1564 2273 reciperent,
1580 2215 1691 2256 non
1712 2196 2135 2272 haberent,quo
2161 2196 2431 2275 perfugio
2447 2196 2650 2278 ¹suw-

658 2299 807 2356 riore
836 2315 985 2355 anno
1010 2294 1239 2353 fuerant
1267 2295 1373 2364 usi,
1399 2310 1599 2352 omnes
1623 2292 1746 2350 sere
1782 2293 1843 2351 in
1871 2302 2209 2369 potestatem
2234 2292 2485 2354 Labieni
2516 2315 2649 2374 per-

661 2402 957 2455 venerunt.
1038 2391 1124 2449 At
1152 2388 1225 2465 Q,
1254 2388 1516 2447 Titurius
1542 2399 1602 2447 et.
1621 2388 1692 2447 L.
1717 2386 1887 2449 Cotta
1906 2388 2101 2465 legati,
2116 2390 2215 2464 qui
2243 2389 2302 2446 in
2333 2389 2650 2470 Menapio-

581 2503 790 2553 urum
818 2490 960 2546 fines
1002 2487 1256 2563 legiones
1295 2487 1599 2556 duxerant,
1639 2485 1906 2543 omnibus
1944 2503 2146 2543 eorum
2184 2485 2342 2560 agris
2383 2489 2649 2567 vastatis,

659 2584 959 2644 frumentis
987 2583 1237 2652 succisis,
1264 2582 1541 2641 aedificiis
1569 2581 1834 2652 incensis,
1857 2580 2013 2657 quod
2052 2580 2317 2657 Menapii
2345 2600 2412 2640 se
2437 2602 2650 2644 omne·

660 2683 720 2740 in
748 2681 1116 2738 densissimas
1142 2679 1319 2737 silvas
1346 2679 1702 2748 abdiderant,
1730 2696 1794 2736 se
1829 2677 1904 2734 ad
1936 2673 2245 2735 Caesarem
2271 2690 2649 2754 receperunt.

664 2776 883 2837 Caesar
920 2776 982 2834 in
1022 2775 1221 2852 Belgis
1247 2775 1503 2834 omnium
1541 2774 1833 2851 legionum
1859 2773 2105 2830 hiberna
2130 2773 2443 2831 constituit.
2527 2772 2650 2835 ⁸Eo

660 2874 813 2933 duae
849 2882 1079 2939 omnino
1119 2872 1381 2932 civitates
1420 2889 1500 2929 ex
1540 2869 1843 2928 Britannia
1880 2867 2107 2927 obsides
2149 2868 2470 2927 miserunt:
2513 2872 2653 2931 reli·

582 2984 648 3033 80
664 2989 813 3046 quae
839 2970 1233 3045 neglexerunt.
1318 2966 1431 3025 His
1460 2967 1631 3025 rebus
1659 2967 1850 3042 gestis,
1879 2984 1957 3023 ex
1995 2964 2176 3022 literis
2220 2962 2499 3025 Caesaris
2529 2962 2660 3028 die·⁴

662 3084 791 3124 rum
821 3065 1024 3141 viginti
1050 3064 1394 3141 supplicatio
1417 3082 1458 3120 a
1482 3069 1688 3123 senatu
1712 3061 1946 3120 decreta
1969 3070 2076 3119 est.

650 3235 1085 3292 H.—XXXV1.
1155 3238 1374 3295 unm.

652 3316 936 3368 XXXVII.
997 3317 1252 3366 *ssa-⁸
1269 3317 1382 3365 417.

651 3396 734 3451 Δ.
754 3395 817 3451 ὰ
839 3395 902 3449 8.
933 3395 1269 3445 -XXXVL
1332 3396 1480 3453 0205,
1505 3388 1569 3441 B.
1592 3390 1665 3441 17.

654 3476 939 3528 mvn.
1001 3474 1265 3527 ⁸227.—⁸
1284 3476 1395 3534 25⁶,
1416 3476 1463 3521 Β.
