2885 3782
654 458 783 503 rao
824 460 879 502 r.
920 459 1125 504 mmo
1166 459 1432 517 snmus,
1476 459 1615 504 car.
1657 459 1846 503 xxm.
2154 441 2267 504 841

220 617 427 677 nstris
454 635 628 678 ausus
659 638 858 693 essem,
885 621 937 680 si
963 621 1023 680 id
1048 623 1200 699 quod
1228 623 1478 681 conabar
1512 622 1637 679 sine
1662 620 1930 679 maximis
1958 618 2191 677 dimica·

220 713 468 772 tionibus
510 717 655 774 meis
699 735 792 774 me
839 735 965 776 esse
1009 737 1284 777 ausurum
1330 716 1686 776 arbitrarer?
1768 716 1935 790 Quae
1986 716 2192 774 mulier

217 810 557 868 sceleratum
586 830 654 870 ac
679 811 1061 888 perniciosum
1087 815 1275 872 civem
1302 813 1567 872 occidere
1592 831 1705 871 non
1732 813 1988 884 auderet,
2015 814 2063 870 si
2092 831 2189 887 pe-

113 971 122 979 ,
216 907 463 968 ticulum
505 928 618 967 non
661 909 932 968 timeret?
1014 911 1318 988 Proposita
1360 909 1593 980 invidia,
1632 920 1833 982 morte,
1861 929 2061 985 poena,
2088 908 2187 984 qui

215 1003 398 1062 nihilo
438 1004 669 1081 segnius
709 1023 834 1064 rem
874 1008 1161 1083 publicam
1205 1006 1477 1076 defendit,
1503 1007 1553 1063 is
1596 1006 1685 1063 vir
1726 1026 1862 1064 vere
1904 1005 2187 1082 putandus
2233 1017 2265 1064 6

215 1108 318 1157 est.
403 1098 617 1176 Populi
656 1101 804 1176 grati
844 1110 933 1160 est
973 1103 1243 1179 praemiis
1282 1102 1509 1161 afficere
1550 1103 1694 1161 bene
1736 1103 1968 1160 meritos
2008 1102 2081 1160 de
2121 1120 2187 1159 re

215 1194 446 1272 publica
473 1197 644 1268 cives,
672 1198 782 1255 viri
823 1197 984 1256 fortis
1025 1216 1098 1256 ne
1139 1198 1438 1275 suppliciis
1481 1197 1713 1273 quidem
1740 1199 1957 1256 moveri
1986 1207 2048 1255 ut
2074 1196 2187 1256 for·

215 1291 352 1349 titer
375 1291 580 1351 fecisse
607 1293 911 1369 poeniteat.
992 1294 1088 1353 83.
1132 1293 1520 1368 Quamobrem
1546 1303 1802 1352 uteretur
1826 1294 2025 1352 eadem
2054 1312 2187 1352 con-

216 1386 459 1446 fessione
500 1388 572 1446 Τ.
613 1389 861 1462 Annius,
900 1407 1018 1465 qna
1055 1390 1267 1462 Ahala,
1310 1410 1425 1467 qua
1468 1390 1697 1461 Nasica,
1745 1409 1860 1466 qua
1902 1388 2183 1465 OpimiuS,

215 1503 331 1560 qua
370 1485 612 1556 Marius,
653 1504 771 1561 qua
808 1486 1169 1563 nosmetipsi,
1207 1496 1283 1558 et,
1323 1489 1368 1545 si
1409 1496 1577 1564 grata
1612 1505 1707 1546 res
1748 1487 1976 1562 publica
2013 1494 2181 1558 esset,
2201 1497 2263 1546 10

215 1580 545 1654 laetaretur,
568 1583 620 1641 si
645 1584 885 1661 ing-uta,
911 1593 1102 1642 tamen
1144 1585 1206 1641 in
1247 1585 1412 1663 gravi
1453 1584 1684 1642 fortuna
1708 1582 2052 1642 conscientia
2076 1601 2185 1642 sua

217 1682 511 1741 niteretur.

169 1765 176 1770 ’
296 1776 415 1837 Sed
457 1775 630 1852 hujus
668 1778 930 1837 beneficii
970 1777 1230 1855 gratiam,
1265 1774 1507 1853 judices,
1552 1776 1782 1835 fortuna
1826 1776 2019 1853 populi
2065 1775 2182 1835 Ro-

215 1873 365 1930 mani
396 1883 458 1931 et
485 1882 682 1932 vestra
720 1873 962 1933 felicitas
1000 1882 1061 1933 et
1098 1872 1178 1931 dii
1217 1874 1565 1932 immortales
1605 1872 1711 1931 sibi
1739 1873 1932 1931 deberi
1961 1881 2180 1949 putant.

214 1965 341 2026 Nee
382 1986 526 2026 vero
564 1970 866 2044 quisquam
906 1969 1075 2028 aliter
1113 1968 1382 2027 arbitrari
1423 1978 1626 2044 potest,
1650 1964 1779 2025 ’'nis'
1736 1987 1782 2025 1
1823 1967 1923 2043 qui
1962 1967 2177 2027 nullam
2199 1980 2259 2033 16

213 2064 332 2121 vim
360 2083 491 2124 esse
518 2066 678 2124 ducit
702 2083 986 2123 numenve
1011 2065 1269 2122 divinum
1271 2061 1486 2140 ,⁴quem
1512 2083 1699 2140 neque
1739 2065 1963 2141 imperii
2004 2063 2180 2122 nostri

212 2161 548 2240 magnitudo
585 2180 776 2238 neque
813 2162 898 2220 sol
937 2161 1034 2220 ille
1074 2180 1182 2220 nee
1220 2162 1364 2219 coeli
1403 2162 1807 2237 signorumque
1847 2171 2032 2219 motus
2072 2180 2180 2221 nec

214 2258 632 2317 vicissitudines
679 2277 873 2317 rerum
916 2256 1089 2334 atque
1135 2257 1365 2316 ordines
1412 2268 1642 2316 movent
1683 2276 1885 2334 neque,
1926 2258 1985 2315 id
2023 2258 2177 2333 quod

210 2354 531 2412 maximum
558 2364 660 2425 est,
687 2352 966 2428 majorum
992 2353 1289 2430 sapientia,
1316 2354 1415 2429 qui
1454 2370 1633 2423 sacra,
1659 2354 1757 2429 qui
1791 2354 2178 2426 caerimonias,

211 2451 309 2524 qui
348 2450 609 2526 auspicia
645 2458 708 2509 et
744 2450 854 2526 ipsi
891 2450 1244 2509 sanctissime
1284 2450 1584 2509 coluerunt
1618 2460 1679 2509 et
1703 2451 1882 2522 nobis,
1909 2451 2026 2509 suis
2051 2463 2259 2527 pos-20

212 2547 365 2617 teris,
393 2546 784 2622 prodiderunt.

291 2641 542 2700 XXXI.
624 2643 722 2702 84.
763 2642 890 2711 Est,
915 2651 1005 2700 est
1043 2641 1298 2720 profecto
1338 2643 1440 2701 illa
1479 2643 1585 2712 vis,
1612 2661 1799 2717 neque
1841 2643 1901 2700 in
1941 2642 2030 2700 his
2057 2663 2179 2702 cor·

213 2738 444 2812 poribus
472 2747 642 2815 atque
669 2742 731 2797 in
754 2740 862 2799 hac
887 2740 1277 2798 imbecillitate
1304 2750 1501 2798 nostra
1528 2739 1679 2798 inest
1704 2720 1995 2815 quiddam,
2023 2740 2175 2815 quod

211 2832 404 2908 vigeat
431 2844 494 2893 et
518 2836 739 2905 sentiat,
766 2833 847 2894 ἐἰ
873 2850 988 2892 non
1015 2836 1163 2892 inest
1192 2835 1251 2892 in
1282 2837 1390 2892 hoc
1415 2844 1574 2892 tanto
1601 2844 1842 2893 naturae
1869 2846 1983 2894 tam
2014 2854 2177 2911 prae·

212 2927 366 2986 claro
393 2940 569 2987 motu.
649 2930 780 2988 Nisi
809 2931 955 2990 forte
981 2929 1195 2989 idcirco
1233 2947 1346 2988 non
1389 2939 1607 3005 putant,
1633 2932 1772 3005 quia
1796 2949 1908 2988 non
1936 2941 2171 3006 apparet
2190 2945 2254 2993 2⁶

211 3039 319 3082 nec
345 3026 626 3094 cemitur;
667 3028 903 3102 proinde
943 3026 1108 3101 quasi
1147 3038 1396 3084 nostram
1441 3026 1623 3101 ipsam
1653 3038 1918 3097 mentem,
1947 3045 2062 3101 qua
2087 3043 2178 3083 sa-

212 3120 415 3194 pimus,
457 3141 572 3197 qua
613 3124 992 3198 providemus,
1033 3140 1150 3197 qua
1189 3122 1332 3182 haec
1372 3123 1495 3197 ipsa
1542 3124 1762 3199 agimus
1808 3140 1876 3181 ac
1919 3123 2176 3193 dicimus,

213 3215 406 3274 videre
432 3230 532 3275 aut
557 3219 745 3294 plane,
771 3218 956 3296 qualis
984 3228 1083 3276 aut
1111 3217 1207 3277 ubi
1234 3217 1323 3291 sit,
1352 3219 1563 3276 sentire
1592 3219 1885 3294 possimus.
1967 3217 2063 3278 Ea
2088 3218 2177 3276 vis

209 3310 387 3387 igitur
413 3314 551 3389 ipsa,
579 3334 726 3390 quae
754 3333 928 3392 saepe
956 3313 1317 3374 incredibiles
1356 3314 1491 3372 huic
1522 3316 1645 3373 urbi
1672 3314 1976 3373 felicitates
2001 3324 2176 3390 atque

212 3422 349 3480 opes
390 3409 594 3480 attulit,
635 3410 789 3468 illam
827 3410 1160 3487 ²perniciem
1200 3410 1483 3469 exstinxit
1526 3430 1595 3469 ac
1636 3430 1731 3469 su
1708 3410 1879 3475 tulit,
1921 3410 2015 3468 cui
2062 3410 2176 3486 pri·
2195 3423 2258 3473 80

209 3516 367 3559 mum
392 3498 662 3563 ⁸mentem
691 3505 902 3582 injecit,
925 3512 989 3562 ut
1015 3506 1072 3562 vi
1099 3504 1326 3566 irritare
1353 3507 1619 3585 ferroque
1640 3508 1915 3566 lacessere
1943 3504 2178 3565 fortissi-

211 3612 366 3634 mum
409 3600 534 3636 υἷι».-
518 3620 593 3636 nm
635 3604 870 3638 anab-..na—
911 3621 968 3638 vn
951 3600 1354 3640 {mmmm-nnn
1396 3605 1471 3642 nh
1510 3624 1583 3642 nn
1627 3620 1795 3642 annm
1840 3621 1885 3642 en
1931 3602 2069 3642 νῖηἱα
2072 3614 2157 3642 nn*
