2885 3782
585 392 702 450 318
1237 405 1595 450 arax-our.
1638 405 2001 450 mosaoms.

664 584 956 647 quumque
972 584 1169 624 omnes
1189 586 1302 623 uno
1319 586 1498 643 prope
1517 586 1793 626 consensu
1815 567 1888 625 de
1905 584 1998 625 me
2015 567 2171 644 apud
2188 577 2243 626 te
2262 587 2350 637 ea,
2367 586 2519 644 quae
2536 568 2641 626 mi-

663 664 726 723 hi
745 663 1100 739 optatissima
1119 674 1268 735 sunt,
1283 664 1712 738 praedicabunt,
1729 671 1851 721 tum
1867 664 2016 721 duae
2033 665 2322 722 maximae
2341 665 2641 724 clientelae

662 769 815 830 tuae,
846 757 1073 835 Cyprus
1099 759 1289 816 insula
1314 770 1373 816 et
1403 758 1799 835 Cappadociae
1826 778 2087 836 regnum,
2119 769 2309 818 tecum
2335 761 2409 818 de
2438 780 2535 819 me
2562 762 2643 819 lo-

662 865 941 931 quentur:
969 864 1108 931 puto
1127 856 1301 912 etiam
1322 874 1523 931 regem
1547 854 1904 927 Deiotarum,
1920 856 2021 931 qui
2038 856 2137 913 uni
2159 857 2259 914 tibi
2283 866 2370 915 est
2386 858 2641 915 maxime

608 966 641 1012 6
660 951 1031 1009 necessarius.
1110 947 1320 1024 ¹⁸Quae
1335 952 1385 1008 si
1409 951 1585 1009 etiam
1604 949 1826 1025 majora
1847 961 1979 1009 sunt
1995 951 2129 1009 etin
2146 953 2410 1010 omnibus
2432 954 2640 1012 seculis

661 1048 960 1124 pauciores
977 1046 1086 1104 viri
1108 1047 1320 1122 reperti
1342 1055 1491 1118 sunt,
1508 1047 1608 1122 qui
1624 1066 1758 1105 suas
1778 1047 2132 1124 cupiditates,
2148 1067 2322 1123 quam
2344 1050 2446 1125 qui
2467 1050 2642 1109 hosti-

661 1162 759 1201 um
786 1143 977 1218 copias
1005 1142 1316 1207 vincerent,
1341 1151 1428 1199 est
1458 1141 1712 1217 profecto
1738 1151 1919 1214 tuum,
1945 1163 2122 1219 quum
2158 1145 2233 1201 ad
2273 1164 2368 1202 res
2406 1145 2641 1204 belliem

661 1240 822 1310 haec,
842 1257 993 1314 quae
1012 1239 1230 1296 rariora
1238 1247 1294 1294 et
1306 1237 1621 1296 difficiliora
1641 1247 1789 1310 sunt,
1808 1257 2025 1315 genera
2046 1240 2270 1297 virtutis
2285 1239 2644 1315 adjunxeris,

660 1336 812 1412 ipsas
854 1336 1030 1393 etiam
1064 1335 1313 1393 illas.res
1352 1343 1546 1411 gestas
1572 1330 1874 1410 n'justiores
1901 1355 2030 1394 esse
2057 1345 2116 1393 et
2141 1335 2386 1411 majores
2416 1347 2641 1414 putare.

583 1444 648 1493 10
667 1433 758 1489 16.
801 1432 1149 1489 Extremum
1191 1431 1332 1488 illud
1380 1441 1485 1502 est,
1521 1440 1587 1488 ut
1628 1432 1793 1506 quasi
1839 1431 2101 1489 diffidens
2148 1433 2431 1508 rogationi
2476 1452 2642 1493 meae

659 1528 1079 1607 philosophiam
1111 1527 1186 1584 ad
1213 1537 1272 1584 te
1298 1527 1561 1603 allegem,
1598 1545 1717 1602 qua
1742 1545 1851 1585 nee
1870 1527 2013 1583 mihi
2034 1528 2219 1587 carior
2240 1527 2361 1584 ulla
2382 1547 2645 1604 unquam
2680 1586 2687 1593 ,

659 1645 754 1684 res
781 1626 841 1682 in
870 1625 990 1682 vita
1013 1623 1137 1694 fuit,
1164 1642 1271 1682 nec
1291 1624 1585 1681 hominum
1602 1624 1799 1700 generi
1820 1622 2009 1698 majus
2029 1643 2066 1681 a
2086 1624 2207 1681 deis
2228 1643 2438 1682 munus
2460 1625 2644 1683 ullum

660 1730 750 1780 est
774 1722 988 1779 datum.
1070 1720 1237 1779 Haec
1277 1720 1468 1795 igitur,
1496 1738 1645 1797 quae
1673 1720 1815 1777 mihi
1856 1728 2045 1777 tecum
2075 1721 2390 1778 communis
2419 1730 2531 1793 est,
2557 1739 2649 1780 so·

661 1819 836 1878 cistas
877 1818 1194 1875 studiorum
1240 1826 1412 1893 atque
1455 1817 1667 1874 artium
1714 1824 2057 1887 nostrarum,
2084 1817 2288 1891 quibus
2316 1835 2354 1873 a
2394 1819 2643 1894 pueritia

585 1932 647 1979 15
662 1917 838 1976 dediti
878 1935 948 1976 ao
973 1915 1220 1972 devincti
1261 1915 1366 1971 soli
1410 1913 1820 1990 propemodum
1848 1931 1951 1970 nos
1991 1913 2413 1990 philosophiam
2440 1933 2643 1973 veram

661 2014 820 2074 illam
845 2021 904 2070 et
928 2012 1239 2087 antiquam,
1266 2029 1414 2084 quae
1444 2008 1787 2084 quibusdam
1822 2008 1924 2065 otii
1952 2026 2077 2065 esse
2106 2026 2175 2065 ae
2201 2007 2459 2065 desidiae
2486 2010 2642 2068 vide·

660 2120 772 2181 tur,
797 2110 859 2166 in
883 2108 1072 2167 forum
1105 2119 1278 2182 atque
1315 2106 1377 2162 in
1418 2124 1544 2162 rem
1585 2103 1873 2181 publicam
1912 2112 2086 2178 atque
2126 2103 2185 2159 in
2227 2104 2416 2179 ipsam
2456 2105 2641 2164 aciem

659 2224 843 2283 paene
891 2205 1249 2274 deduximus,
1276 2211 1467 2260 tecum
1512 2201 1635 2276 agit
1677 2199 1751 2258 de
1798 2217 1930 2258 mea
1977 2199 2165 2270 laude,
2211 2200 2305 2258 cui
2355 2201 2562 2277 negari
2602 2218 2643 2262 a

664 2286 881 2360 Catone
921 2304 1009 2358 ias
1050 2318 1177 2358 esse
1216 2318 1331 2357 non
1371 2307 1526 2375 puto.
1616 2294 2005 2370 Quamobrem
2033 2296 2134 2353 tibi
2164 2296 2245 2354 sic
2286 2297 2637 2372 persuadeas

580 2410 648 2459 80
664 2398 835 2457 velim
858 2416 872 2453 t
913 2398 963 2454 si
1000 2396 1141 2453 mihi
1179 2404 1279 2452 tua
1324 2393 1607 2453 sententia
1634 2392 1878 2451 tributus
1905 2392 2085 2450 honos
2110 2387 2229 2449 ²mex
2254 2391 2406 2449 meis
2435 2392 2634 2451 litteris

661 2494 850 2565 fuerit,
890 2512 982 2552 me
1031 2493 1112 2550 sic
1156 2491 1635 2557 existimaturum,
1664 2507 1841 2564 quum
1881 2487 2217 2547 auctoritate
2244 2497 2364 2558 tua,
2390 2496 2516 2546 tum
2542 2489 2632 2548 be-

659 2589 985 2650 nevolentia
1010 2607 1148 2666 erga
1172 2607 1266 2647 me
1302 2586 1462 2657 mihi,
1489 2584 1641 2661 quod
1667 2584 1922 2642 maxime
1951 2583 2245 2660 cupierim,
2272 2584 2593 2662 contigisse.

1151 2948 1690 3011 EPISTOLA
1768 2947 2045 3008 XXI!

1615 3057 1641 3100 ι

1084 3129 1372 3188 TULLms
1413 3128 1792 3185 Taenarus
1838 3121 2013 3186 Sum
2060 3122 2120 3183 S.

737 3276 797 3337 S.
825 3275 902 3334 V.
931 3274 1004 3333 B.
1032 3275 1105 3333 E.
1138 3274 1211 3332 E.
1241 3273 1317 3332 V.
1399 3271 1803 3330 Valetudinem
1830 3279 1988 3330 tuam
2009 3269 2185 3328 velim
2204 3287 2371 3327 cures
2389 3268 2627 3346 diligen·
2682 3351 2693 3360 -

534 3418 542 3426 .
653 3374 887 3433 tissime.
969 3372 1126 3430 Nam
1151 3372 1292 3429 mihi
1321 3379 1380 3431 et
1407 3370 1682 3444 scriptum
1710 3377 1770 3458 ει
1794 3367 2118 3426 nuntiatum
2140 3376 2229 3424 est
2250 3376 2307 3424 te
2334 3366 2393 3424 in
2420 3365 2626 3425 febrim

573 3483 637 3530 25
653 3472 840 3529 subito
863 3457 1147 3528 incidisse.
1230 3466 1399 3542 Quod
1427 3465 1692 3524 celeriter
1708 3483 1805 3524 me
1822 3462 2006 3522 fecisti
2037 3463 2108 3520 de
2135 3461 2403 3522 Caesaris
2423 3462 2633 3526 litteris.
