2885 3782
729 422 857 467 rao
903 422 965 477 q.
1006 424 1300 483 monne,
1335 425 1484 470 eu».
1524 426 1637 482 ιη,
1675 426 1764 468 1v.
2154 408 2269 468 ⁷91

219 581 559 655 extimescit,
584 599 709 658 nec,
731 584 875 661 quid
900 584 1003 645 tibi
1038 586 1111 644 de
1147 585 1260 645 alio
1287 585 1546 645 mdienti
1571 587 1645 648 de
1680 605 1743 646 se
1768 586 1894 666 ipso
1908 594 2195 658 ,oocun-at,

219 678 567 742 reformidat.
1996 670 2001 675 ’

295 775 417 836 ΙΠ.
459 776 634 850 Vide,
671 796 846 853 quam
883 796 1000 835 non
1037 776 1434 838 reformideml
1472 778 1621 850 vide,
1661 788 1874 855 quanta
1912 779 2019 840 lux
2057 779 2198 838 libe-

219 871 462 932 ralitatis
502 881 563 931 et
599 873 912 951 sapientiae
958 883 1093 933 tuae
1135 865 1279 932 mihi
1327 874 1484 951 apud
1521 886 1580 933 te
1619 875 1828 934 dicenti
1867 873 2192 934 oboriatur!

135 1031 144 1048 ⁸
225 966 518 1042 Quantum
559 979 775 1047 potero,
802 989 944 1032 voce
985 971 1341 1042 contendam,
1366 981 1431 1029 ut
1470 971 1580 1030 hoc
1616 971 1858 1049 populus
1902 971 2193 1030 Romanus
2241 983 2275 1031 ο

220 1065 532 1124 exaudiat:
600 1063 880 1143 Suscepto
933 1066 1101 1137 bello,
1151 1064 1383 1138 Caesar,
1435 1062 1621 1142 ¹gesto
1673 1067 1847 1124 etiam
1882 1083 1978 1126 ex
2031 1075 2194 1143 parte

221 1178 448 1237 magna,
490 1161 650 1220 nulla
692 1163 750 1220 vi
797 1172 1040 1235 coactus,
1079 1161 1302 1238 judicio
1342 1180 1414 1221 ac
1458 1162 1753 1220 voluntate
1798 1161 1875 1219 ad
1919 1181 1990 1219 ea
2033 1179 2197 1220 arma

221 1255 510 1332 profectus
536 1275 679 1328 sum,
705 1276 854 1334 quae
881 1269 1060 1317 erant-
1077 1265 1310 1335 sumpta
1336 1267 1535 1316 contra
1560 1266 1636 1318 te.
1719 1256 1773 1318 ’1.
1813 1257 1992 1333 Apud
2024 1274 2196 1332 quem

221 1349 400 1427 igitur
437 1352 546 1410 hoc
585 1350 754 1410 dico?
833 1351 1062 1429 Nempe
1102 1353 1255 1430 apud
1294 1370 1446 1422 eum,
1486 1351 1604 1427 qui,
1643 1369 1819 1427 quum
1860 1351 1967 1408 hoc
2005 1349 2195 1420 sciret,

221 1454 417 1505 tamen
457 1464 567 1517 me,
593 1456 899 1523 antequam
940 1448 1100 1519 vidit,
1126 1448 1209 1506 rei
1251 1447 1515 1525 publicae
1552 1446 1834 1504 reddidit:
1874 1447 1973 1520 qui
2000 1445 2075 1503 ad
2100 1462 2193 1502 me
2214 1455 2277 1505 ιο

222 1559 302 1600 ex
327 1542 602 1621 Aegypto
640 1539 856 1602 'literas
895 1543 1065 1615 misit,
1105 1554 1169 1602 ut
1207 1561 1389 1602 essem
1428 1543 1601 1613 idem,
1642 1542 1741 1619 qui
1787 1541 2054 1599 fuissem:
2096 1540 2196 1616 qui

221 1657 336 1706 me,
362 1657 540 1715 quum
565 1639 687 1722 ipse
714 1640 1022 1717 imperator
1047 1641 1107 1699 in
1141 1650 1259 1699 toto
1284 1641 1524 1716 imperio
1551 1639 1744 1716 populi
1775 1638 2022 1697 Romani
2047 1656 2197 1712 unus

222 1745 391 1806 esset,
430 1752 554 1793 esse
593 1735 838 1794 alterum
885 1755 1085 1812 passus
1124 1747 1250 1794 est>
1302 1732 1363 1794 *α
1400 1754 1531 1811 quo,
1571 1736 1679 1794 hoc
1724 1735 1849 1811 ipso
1892 1733 1959 1796 C.
2001 1734 2200 1794 Pansa

219 1830 365 1889 mihi
417 1830 570 1889 hunc
620 1833 881 1889 nuntium
935 1831 1275 1910 perferente,
1328 1849 1625 1890 concessos
1678 1830 1860 1890 fasces
1913 1831 2198 1890 laureatos
2298 1887 2319 1905 ,

219 1928 398 2000 tenui,
425 1928 613 2005 quoad
654 1929 926 1988 tenendos
963 1929 1198 2005 putavi:
1238 1928 1336 2005 qui
1376 1928 1519 1985 mihi
1558 1938 1677 1989 tum
1717 1928 1967 2004 denique
2007 1946 2069 1989 se
2108 1945 2194 1985 sa·
2217 1939 2278 1991 ιδ

217 2025 406 2083 lutem
450 2024 677 2102 putavit
707 2026 978 2096 ,redden-e,
1021 2025 1071 2084 si
1118 2043 1248 2084 eam
1289 2025 1462 2084 nullis
1509 2025 1806 2101 spoliatam
1849 2024 2199 2083 ornamentis

217 2119 488 2179 dedisset.
568 2120 625 2178 8.
667 2119 840 2192 Vide,
867 2138 1098 2196 quaeso,
1124 2119 1372 2191 Tubero,
1399 2130 1479 2191 ut,
1505 2121 1606 2196 qui
1633 2121 1705 2179 de
1741 2138 1872 2179 meo
1906 2119 2058 2179 facto
2083 2138 2197 2178 non

215 2214 518 2286 ‘dubitem
537 2216 607 2274 de
633 2216 853 2293 Ligarii
880 2236 991 2275 uon
1020 2217 1260 2275 audeam
1287 2217 1561 2277 confiteri.
1641 2215 1838 2292 Atque
1865 2216 2006 2275 haec
2030 2234 2201 2293 prop-

218 2323 386 2371 terea
424 2311 494 2369 de
533 2329 627 2369 me
654 2311 794 2382 dixi,
823 2321 885 2369 ut
924 2311 1064 2369 mihi
1091 2310 1342 2382 Tubero,
1370 2330 1548 2388 quum
1571 2308 1666 2370 'de
1706 2330 1768 2369 se
1807 2312 2006 2369 eadem
2047 2311 2201 2371 dice·

216 2426 364 2479 rem,
403 2408 756 2484 ignosceret:
805 2407 966 2483 cujus
1005 2425 1112 2483 ego
1149 2403 1482 2465 ‘industriae
1522 2408 1850 2484 gloriaeque
1890 2408 2060 2467 faveo
2100 2406 2193 2467 vel
2213 2418 2281 2469 20

216 2512 457 2582 propter
519 2503 895 2581 propinquam
948 2502 1358 2579 cognationem,
1422 2502 1521 2561 vel
1572 2504 1725 2579 quod
1791 2502 1917 2578 ejus
1970 2504 2199 2580 ingenio

214 2599 539 2674 studiisque
581 2599 847 2669 delector,
889 2598 982 2657 vel
1022 2599 1175 2675 quod
1215 2599 1445 2657 laudem
1485 2599 1858 2659 adolescentis
1898 2600 2200 2677 propinqui

214 2695 488 2755 existimo
525 2690 720 2752 'etiam
758 2695 834 2753 ad
872 2712 1063 2752 meum
1103 2694 1355 2769 aliquem
1399 2694 1655 2765 fructum
1699 2695 2040 2757 redundare.
2143 2695 2200 2753 9.

217 2790 344 2852 Sed
386 2790 492 2847 hoc
530 2808 775 2865 quaero:
834 2790 964 2864 quis
1006 2797 1172 2865 putat
1209 2807 1335 2847 esse
1382 2788 1601 2848 crimen
1641 2789 1815 2849 fuisse
1857 2790 1915 2848 in
1954 2788 2202 2849 Africa?

212 2887 454 2961 Nempe
478 2886 545 2957 is,
571 2885 669 2961 qui
710 2896 769 2943 et
806 2884 929 2961 ipse
970 2885 1028 2942 in
1068 2885 1270 2944 eadem
1297 2885 1505 2945 Africa
1540 2903 1666 2945 esse
1693 2887 1878 2946 voluit
1902 2898 1960 2946 et
1984 2884 2280 2965 ‘probi-2⁵

214 2983 405 3043 bitum
443 3000 503 3040 se
537 3000 578 3040 a
603 2980 837 3058 Ligario
878 2981 1158 3057 queritur,⁴
1179 2992 1238 3039 et
1271 2995 1424 3040 certe
1453 2992 1653 3041 contra
1676 2983 1863 3060 ipsum
1895 2982 2202 3043 Caesarem

205 3087 310 3138 est
367 3095 703 3161 congressus
769 3088 1039 3135 armatus.
1150 3076 1306 3152 Quid
1373 3079 1544 3147 enim,
1601 3078 1852 3151 Tubero,
1906 3090 2037 3139 tuus
2103 3080 2202 3140 ille

213 3174 521 3233 destrictus
568 3173 627 3231 in
674 3173 798 3232 acie
849 3172 1187 3231 Pharsalica
1235 3172 1461 3249 gladius
1509 3171 1780 3251 ⁹agebat?
1839 3176 2005 3252 cujus
2053 3176 2203 3235 latus

212 3273 320 3331 ille
348 3289 542 3329 mucro
570 3269 838 3347 petebat?
882 3270 981 3347 qui
1021 3287 1221 3328 sensus
1259 3278 1387 3329 erat
1421 3290 1710 3330 armorum
1738 3271 2014 3331 tuorum?
2052 3290 2202 3350 quae

212 3380 323 3428 tua
360 3386 539 3439 mens,
578 3365 745 3437 oculi,
785 3385 1004 3437 manue,
1044 3367 1216 3425 ardor
1253 3365 1472 3426 animi?
1526 3368 1667 3443 quid
1706 3367 2017 3444 cupiebas?
2064 3368 2284 3447 quidm

213 3460 502 3542 optabas?
583 3461 777 3521 Nimis
819 3482 1036 3543 urgeo:
1077 3464 1423 3522 commoveri
1464 3464 1693 3523 videtur
1729 3464 2094 3526 adolescens:
2132 3466 2206 3524 ad

213 3582 314 3623 me
354 3571 644 3627 revertat-3
683 3555 927 3621 miisdem
967 3561 1030 3618 in
1071 3561 1246 3618 armis
1285 3559 1385 3618 fui.

301 3654 392 3676 „v
495 3655 568 3680 -n
631 3654 780 3684 n--=.=
817 3670 1002 3688 ---m-.-
1045 3656 1195 3692 „iz-„i
1236 3652 1480 3698 limam...
1523 3656 1759 3698 ‘vnvm-0
1800 3655 1907 3698 „303
1942 3666 2007 3698 n*
2054 3656 2203 3698 mm!
