2885 3782
581 364 697 423 796
1486 384 1727 432 omno

659 550 858 602 eontra
887 541 1195 603 Caesarem
1227 564 1428 624 gerere
1471 545 1735 618 bellum?
1813 546 2012 624 Atque
2048 545 2112 605 in
2139 547 2251 606 hoc
2276 547 2509 622 quidem
2532 544 2620 608 vel

657 657 790 698 cum
829 641 1142 713 mendaciO,
1181 642 1232 701 si
1273 642 1466 716 vulne,
1503 641 1845 720 ‘gloriemini
1893 663 1998 720 per
2043 661 2137 702 me
2178 642 2316 702 licet
2363 661 2466 700 vos
2502 660 2620 718 pro-

659 736 907 793 vinciam
942 735 1118 795 fuisse
1150 736 1386 798 Caesari
1423 738 1746 798 tradituros·
1828 738 2074 800 Etiamsi
2108 758 2149 797 a
2175 738 2339 796 Varo
2365 749 2428 796 et
2450 757 2490 798 a
2510 737 2622 813 qui·

657 830 894 890 busdam
923 833 1049 890 aliis
1077 817 1347 910 prohibiti
1374 835 1528 906 esti&
1557 854 1664 913 ego
1692 845 1885 896 tamen
1912 835 2224 896 confitebor
2251 835 2491 911 culpam
2510 852 2625 908 esse

606 941 637 986 ⁶
659 923 896 1004 Ligarii,
924 929 1025 1003 qui
1052 949 1153 986 vos
1181 939 1370 988 tantae
1400 931 1582 989 laudis
1609 932 1903 992 occasione
1931 932 2260 1007 privaverit.

739 1023 853 1080 IX.
911 1025 1004 1082 26.
1049 1023 1166 1085 Sed
1195 1027 1342 1098 ride,
1369 1046 1600 1103 quaeso,
1624 1024 1854 1098 Caesar,
1870 1025 2265 1087 ¹constantiam
2290 1025 2629 1086 ornarissimi

658 1119 770 1177 viri
801 1117 1204 1202 [Tuberonis]‚
1228 1142 1400 1199 quam
1428 1143 1551 1202 ego,
1574 1127 1836 1201 quamvis
1862 1126 1984 1202 ipse
2010 1126 2333 1202 probarem,
2356 1136 2420 1184 ut
2446 1125 2629 1201 probo,
2712 1145 2721 1154 ·

657 1227 852 1274 tamen
887 1237 1001 1276 non
1038 1238 1559 1291 commemorarem,
1585 1222 1694 1280 nisi
1730 1241 1770 1284 a
1804 1232 1861 1280 te
1901 1223 2295 1300 cognovissem
2338 1221 2399 1280 in
2442 1219 2633 1297 primis

657 1331 786 1371 eam
827 1314 1100 1373 virtutem
1140 1316 1325 1375 solere
1365 1317 1607 1376 laudari.
1713 1317 1879 1393 Quae
1918 1318 2025 1377 suit
2064 1320 2240 1395 igitur
2281 1335 2543 1393 unquam
2576 1316 2633 1376 iu

581 1422 644 1470 ιο
664 1410 780 1468 ullo
821 1411 1047 1470 homine
1089 1422 1247 1471 tanta
1285 1412 1647 1498 constantia?
1684 1417 2059 1480 constantiam
2097 1413 2274 1476 dico?
2334 1415 2530 1474 nescio
2565 1432 2637 1486 aa

657 1506 864 1565 melius
902 1509 1237 1584 patientiam
1277 1511 1491 1587 possim
1530 1511 1739 1586 dicere.
1819 1509 2069 1585 'Quotus
2107 1511 2265 1570 enim
2298 1511 2460 1570 istud
2492 1509 2637 1586 qudo-

658 1621 771 1679 que
799 1603 1039 1676 fecisset,
1069 1614 1150 1676 ut,
1177 1625 1213 1664 a
1242 1607 1449 1686 quibus
1477 1607 1537 1666 in
1564 1608 1913 1680 dissensione
1940 1608 2092 1668 civili
2121 1627 2239 1666 uon
2265 1617 2424 1674 esset
2450 1625 2640 1682 ποσῷ·

658 1709 768 1772 tus,
789 1712 939 1758 esset
966 1702 1138 1760 etiam
1159 1722 1290 1761 cum
1308 1699 1670 1764 ⁸crudelitate
1696 1703 1962 1780 rejectus,
1980 1704 2055 1772 ad
2077 1723 2176 1762 eos
2204 1704 2363 1779 ipsos
2388 1700 2641 1764 rediret?

658 1785 863 1874 Magni
904 1798 1199 1874 cujusdam
1238 1797 1437 1862 ⁴animi
1479 1809 1651 1875 atque
1692 1799 1819 1876 ejus
1868 1801 1995 1871 viri,
2036 1819 2207 1876 quem
2259 1799 2341 1858 de
2380 1807 2643 1876 suenum

583 1908 642 1955 15
660 1913 832 1952 causa
893 1897 1297 1972 propositaque
1350 1897 1639 1961 sententia
1687 1897 1865 1981 nulla·
1904 1896 2269 1967 contumelia,
2325 1896 2495 1957 nulla
2544 1896 2643 1966 vin,

658 1991 880 2048 nullum
929 1992 1251 2068 periculum
1294 1990 1498 2070 ⁸possit
1549 1993 1855 2070 depellere.
1954 1994 2048 2057 27.
2108 1990 2219 2052 ‘Ut
2244 1994 2409 2053 enim
2458 2006 2649 2059 cetere

659 2088 824 2164 paria
851 2086 1146 2146 Tuberoni
1184 2108 1317 2148 cum
1344 2089 1507 2148 Varo
1542 2089 1800 2165 fuissent,
1825 2090 2019 2161 honos,
2046 2089 2331 2159 nobilitas,
2359 2089 2644 2166 splendoe,

657 2184 967 2262 ingenium,
1008 2204 1158 2260 quae
1196 2204 1563 2265 nequaquam
1602 2184 1867 2254 fuerunt3
1912 2186 2020 2245 hoc
2063 2197 2218 2245 certe
2268 2186 2643 2262 pmeeipuum

659 2272 999 2357 Tuberonis,
1039 2284 1191 2359 quod
1229 2279 1400 2367 'justo
1441 2302 1575 2361 cum
1614 2276 1854 2361 imperio
1894 2303 1972 2343 ex
2012 2292 2244 2345 senatus
2284 2284 2551 2345 consulto
2588 2284 2647 2345 in

579 2390 645 2439 20
661 2378 1013 2454 provinciam
1040 2398 1203 2438 suam
1222 2387 1480 2461 venerat.
1550 2379 1708 2438 Hinc
1734 2380 2050 2456 prohibitus
2075 2398 2190 2437 non
2215 2379 2295 2439 ad
2319 2378 2647 2450 Caesarem.

659 2493 735 2533 ne
778 2475 970 2547 iratus,
1013 2494 1126 2532 non
1166 2474 1417 2553 domum,
1455 2492 1533 2534 ne
1572 2475 1744 2549 iners,
1783 2494 1894 2535 non
1936 2475 1995 2535 in
2038 2475 2293 2551 aliquam
2334 2476 2647 2552 regionem.

659 2590 735 2631 ne
771 2571 1151 2629 condemnare
1187 2589 1420 2643 causam
1457 2571 1634 2649 illam,
1662 2564 1841 2649 quam
1863 2582 2091 2631 secutus
2118 2582 2289 2641 esset,
2319 2571 2647 2633 viderem-2

659 2669 718 2726 in
748 2666 1150 2725 Macedoniam
1189 2667 1265 2725 ad
1295 2665 1404 2727 Cn.
1444 2665 1710 2744 Pompeii
1749 2677 1937 2729 castm
1966 2668 2147 2736 seuit,
2187 2667 2247 2723 in
2292 2685 2429 2727 eam
2468 2667 2646 2744 ipsam

660 2784 907 2834 causam,
934 2784 972 2822 a
1012 2783 1126 2840 qua
1163 2774 1288 2823 erat
1325 2763 1572 2841 rejectus
1610 2782 1741 2823 cum
1772 2762 1998 2840 injuria.
2082 2764 2174 2821 28.
2222 2761 2435 2836 Quid?
2476 2782 2648 2839 quum

582 2874 645 2922 25
664 2858 797 2920 ⁸ista
825 2881 915 2920 res
942 2861 1086 2919 nihil
1123 2861 1523 2920 commovisset.
1558 2858 1683 2935 ejus
1719 2862 1991 2937 animum,
2018 2860 2092 2919 ad
2127 2878 2305 2935 quem
2343 2862 2647 2933 veneratis.

662 2958 1031 3036 languidiore,
1072 2958 1257 3029 cred0‚
1298 2956 1485 3016 studio
1524 2957 1584 3027 in
1632 2975 1805 3019 eausa
1849 2955 2069 3014 fuistis:
2126 2958 2527 3018 tantummodo
2571 2954 2649 3017 ’in

662 3055 958 3130 praesidiis
986 3054 1170 3123 eratis,
1199 3048 1416 3112 ¹⁰animi
1444 3069 1585 3109 vero
1610 3070 1647 3109 a
1673 3069 1848 3109 causa
1872 3051 2288 3110 abhorrebant:
2332 3048 2475 3124 ¹¹an,
2503 3063 2567 3111 ut
2592 3052 2651 3129 fit

662 3151 724 3207 in
753 3151 1013 3209 civilibus
1040 3150 1205 3209 bellis
1247 3149 1380 3185 *⁴*
1423 3166 1530 3207 nec
1570 3147 1632 3205 in
1667 3147 1828 3206 vobis
1861 3146 2045 3223 magis
2073 3165 2247 3222 quam
2276 3147 2339 3205 in
2365 3145 2651 3223 reliquis?

663 3265 861 3304 omnes
915 3248 1068 3305 enim
1125 3245 1391 3305 vincendi
1445 3245 1633 3303 studio
1686 3242 2040 3301 tenebamur.
2150 3242 2329 3301 Pacis
2384 3244 2651 3320 equidem

581 3355 895 3421 nosemper
934 3352 1131 3402 auctor
1169 3343 1269 3412 fui,
1305 3342 1406 3401 sed
1448 3350 1569 3399 tum
1608 3358 1737 3398 sero
1756 3360 1777 3413 ς
1816 3347 1939 3397 erat
1978 3341 2132 3397 enim
2172 3340 2438 3409 amentis,
2479 3359 2657 3417 quum

621 3426 624 3433 ¹
664 3438 846 3496 aciem
902 3438 1145 3508 videres,
1191 3455 1391 3513 pacem
1446 3435 1713 3514 cogitare.
1818 3432 2052 3511 OmneS,
2110 3434 2367 3513 inquam,
2418 3437 2652 3497 vincare

665 3532 1030 3591 volebamus:
1071 3543 1134 3591 tu
1170 3542 1324 3590 certe
1359 3531 1686 3608 praecipue,
1712 3531 1811 3611 qui
1850 3530 1907 3588 in
1934 3549 2069 3588 eum
2107 3526 2355 3589 ”locum‘
2382 3532 2655 3599 venisses.

667 3629 764 3686 ubi
803 3630 903 3686 tibi
948 3638 1096 3687 esset
1138 3628 1511 3705 pereundum,
1548 3628 1658 3685 nisi
1695 3627 2855 3701 νὶθίββθξῂςω-Ι
