2885 3782
660 327 788 372 rao
829 330 885 371 τ.
926 329 1129 374 mmo
1169 314 1437 389 mmuh,
1480 332 1620 377 cAP.
1661 334 1852 377 xvm.
2160 307 2301 378 829⁵
2377 301 2381 306 ⁴

232 499 403 563 qnam
431 488 775 562 concionem,
792 509 936 567 quos
963 492 1256 566 clamores,
1273 493 1384 552 nisi
1411 494 1484 552 ad
1512 495 1821 571 cogitatum
1850 493 2069 554 facinus
2097 515 2199 574 ap-

229 595 581 658 properaret,
607 603 902 660 nunquam
945 589 1282 664 reliquisset.
1349 589 1526 670 ‘Ergo
1555 589 1634 647 illi
1662 607 1736 648 ne
1764 607 1935 650 causa
1965 591 2214 668 quidem·

229 677 467 749 itlnerls,
493 679 670 737 etiam
711 699 884 740 causa
923 684 1220 741 manendi:
1262 681 1472 742 Miloni
1513 687 1783 743 manendi
1824 688 1985 745 nulla
2022 688 2201 746 facul·-

229 782 334 844 ωε,
387 776 636 850 exeundi
693 795 806 833 non
861 793 1033 836 causa
1059 799 1064 806 ·
1086 778 1286 849 solum,
1330 780 1430 837 sed
1486 781 1660 838 etiam
1717 786 2024 842 necessitas
2069 783 2197 843 fuit.

234 868 431 942 Quid?
472 873 538 940 si,
565 884 626 928 ut
666 873 760 930 ille
802 875 967 931 scivit
996 872 1277 932 Milonem
1316 874 1439 933 fore
1481 891 1550 935 eo
1592 877 1686 935 die
1724 880 1783 935 in
1816 882 1927 952 via,
1956 882 2037 940 sic
2066 877 2199 940 Clo·
2245 893 2279 941 Β

229 967 385 1026 dium
414 967 565 1027 Milo
591 989 665 1028 ne
694 971 966 1047 suspicari
997 971 1228 1047 quidem
1257 971 1487 1048 potuit?
1555 977 1647 1034 46.
1678 977 1938 1036 Primum
1968 993 2197 1054 quaero,

228 1061 348 1140 ⁴qui
390 1067 539 1123 scire
581 1064 867 1142 potuerit?
908 1067 1063 1142 quod
1103 1086 1207 1126 vos
1248 1068 1401 1126 idem
1442 1071 1503 1146 in
1536 1070 1737 1156 Clodio
1777 1093 2053 1158 quaerere
2081 1091 2196 1133 non

229 1153 483 1242 antestis,
567 1165 652 1225 Ut
677 1167 831 1226 enim
873 1170 1160 1226 neminem
1204 1167 1380 1227 alium
1409 1172 1519 1229 nisi
1547 1171 1617 1228 T.
1648 1169 1934 1243 Patinam,
1958 1172 2201 1230 familia-

228 1264 518 1320 rissimum
558 1283 741 1335 suum,
770 1273 1041 1343 rogasset,
1073 1267 1219 1323 scire
1262 1268 1463 1342 potuit,
1494 1268 1590 1326 illo
1617 1269 1740 1344 ipso
1766 1268 1858 1326 die
1888 1267 2135 1326 Lanuvii
2163 1285 2200 1324 a

227 1359 506 1418 dictatore
549 1359 769 1430 Milone
811 1361 971 1437 prodi
1015 1360 1304 1419 flaminem
1351 1381 1583 1421 necesse
1626 1361 1795 1421 esse.'
1868 1361 1987 1422 Sed
2035 1371 2197 1420 erant
2218 1372 2285 1422 ιο

227 1459 501 1535 permulti
549 1460 663 1528 alii,
711 1478 789 1517 ex
831 1461 1036 1535 quibus
1082 1460 1142 1518 id
1183 1457 1452 1519 facillime
1495 1462 1639 1519 scire
1680 1465 1869 1537 posset
1893 1458 1941 1537 [ε
1966 1457 2201 1517 '‘omnes

225 1557 446 1616 scilicet
489 1553 825 1636 Lanuvini}
909 1555 1057 1614 Milo
1107 1557 1181 1614 de
1226 1554 1414 1615 Clodii
1457 1557 1641 1615 reditu
1683 1551 1832 1614 unde
1874 1552 2203 1631 quaesivit?

222 1647 581 1726 ‘Quaesierit
609 1670 763 1710 sane.
833 1650 1060 1724 Videte,
1091 1652 1227 1728 quid
1256 1653 1415 1710 vobis
1444 1653 1669 1728 largiar.
1741 1651 1987 1711 Servum
2009 1652 2200 1734 etiam,

223 1733 310 1806 ut¹
336 1747 411 1823 Q.
441 1750 668 1821 Arrius,
709 1767 871 1807 meus
916 1750 1148 1821 amicus,
1190 1750 1353 1822 dixit,
1383 1750 1715 1824 corruperit.
1800 1748 2001 1825 Legite
2043 1749 2201 1805 testi·

223 1845 421 1902 monia
463 1845 692 1903 testium
735 1853 1073 1904 vestrorum.
1162 1843 1334 1902 Dixit
1377 1842 1442 1903 C.
1472 1839 1788 1903 'Cassinius
1832 1842 2055 1913 Schola,
2080 1839 2199 1900 ‘In-
2222 1856 2281 1905 15

221 1946 616 2009 teramnanus‚
642 1940 1115 1999 familiarissimus
1143 1950 1203 1997 et
1231 1939 1380 1998 idem
1409 1958 1598 1997 comes
1629 1937 1831 2010 Clodii,
1859 1937 2021 2014 cujus
2049 1937 2200 2014 jam·

226 2037 455 2114 pridem
499 2032 818 2095 testimonio
850 2034 1085 2095 Clodius
1126 2034 1328 2094 eadem
1370 2033 1514 2093 hora
1542 2035 1905 2093 Interamnae
1933 2032 2119 2092 fuerat
2144 2045 2205 2093 et

228 2130 472 2205 Romae,
502 2134 572 2191 P.
605 2132 867 2194 Clodium
894 2133 992 2191 illo
1021 2132 1114 2191 die
1141 2133 1201 2190 in
1228 2129 1483 2190 ¹'Albano
1520 2136 1848 2190 mansurum
1880 2124 2073 2203 fuisse,
2101 2130 2201 2190 sed

226 2232 419 2289 subito
445 2247 570 2289 esse
597 2232 651 2289 ei
679 2231 1016 2300 nuntiatum,
1033 2224 1303 2308 ¹⁰Cyrum
1334 2226 1705 2287 architectum
1735 2246 1857 2286 esse
1878 2239 2202 2296 mortuum3

225 2326 426 2402 itaque
475 2338 709 2402 repente
758 2327 1004 2385 Romam
1053 2327 1412 2385 constituisse
1462 2326 1757 2402 proticisci.
1830 2325 2029 2399 ,Dixit
2074 2325 2285 2396 noem

224 2426 423 2482 eomes
451 2424 588 2481 item
615 2423 686 2480 P.
720 2418 921 2494 Clodii,
953 2421 1018 2481 C.
1051 2420 1302 2481 Clodius.

261 2524 270 2535 “
312 2516 556 2576 XVIII.
640 2518 732 2577 47.
775 2518 1004 2590 Videte,
1037 2518 1279 2594 judiceS,
1323 2525 1574 2593 quantae
1613 2536 1707 2575 res
1747 2515 1835 2575 his
1864 2516 2200 2575 testimoniis

223 2604 347 2674 sint
375 2615 678 2673 confectae.
747 2614 1010 2687 Primum
1038 2624 1194 2673 certe
1221 2611 1523 2672 ¹liberatur
1550 2613 1711 2684 Milo,
1732 2626 1941 2671 non‘eo
1969 2612 2202 2671 consilio

223 2708 520 2791 profectus
562 2731 703 2785 esse,
731 2722 795 2770 ut
833 2712 1202 2770 insidiaretur
1241 2710 1298 2768 in
1342 2712 1441 2769 via
1473 2710 1709 2770 Clodio:
1749 2709 1999 2786 ⁹quippe‚
2027 2710 2075 2767 si
2104 2709 2199 2767 ille

227 2809 436 2868 obvius
478 2808 530 2866 ei
572 2808 795 2865 futurus
837 2809 1066 2865 omnino
1104 2826 1220 2865 non
1261 2817 1402 2865 erat.
1490 2806 1733 2881 Deinde,
1768 2806 1906 2883 (non
1935 2806 2087 2863 enim
2116 2806 2280 2866 vi·2³

227 2905 356 2977 den,
396 2924 502 2962 cur
539 2922 657 2961 non
699 2923 888 2962 meum
930 2920 1158 2979 quoque
1185 2921 1354 2979 agam
1396 2902 1734 2980 negotium)
1769 2902 1941 2973 scitiS,
1960 2901 2201 2977 judices,

229 2997 407 3059 fuisse
437 2999 539 3076 qui
562 2994 643 3057 ⁸in
673 3001 779 3059 hac
807 3000 1098 3076 rogatione
1136 3000 1427 3058 suadenda
1464 2998 1734 3067 dicerent,
1763 2994 2000 3056 Milonis
2028 3016 2200 3055 manu

229 3094 463 3155 caedem
507 3114 633 3153 esse
674 3093 900 3167 factam,
928 3094 1163 3152 consilio
1203 3110 1341 3152 vero
1365 3092 1621 3168 ⁴major-is
1649 3092 1905 3167 alicujus.
1988 3092 2092 3151 Me
2120 3091 2205 3150 vi·

228 3192 436 3252 delicet
474 3191 752 3249 latronem
793 3211 860 3250 ac
901 3190 1168 3248 sicarium
1209 3189 1414 3265 abjecti
1457 3190 1715 3248 homines
1758 3202 1815 3248 et
1857 3189 2064 3266 perditi
2106 3188 2205 3245 de·

225 3290 571 3351 scribebant.
650 3287 858 3345 «Iacent
895 3286 1014 3344 suis
1055 3287 1307 3356 testibuS‚
1334 3287 1434 3363 qui
1467 3284 1733 3346 Clodium
1762 3295 1970 3362 negant
1997 3304 2067 3343 eo
2107 3284 2200 3343 die
2217 3295 2285 3345 8⁰

226 3384 499 3455 Romam,
523 3382 632 3439 nisi
659 3382 730 3439 de
763 3372 917 3459 Cyro
954 3376 1223 3451 audisset,
1247 3379 1424 3441 fuisse
1463 3382 1797 3440 rediturum.
1881 3380 2204 3457 Respiravi,

203 3482 508 3542 *liberatus
536 3497 698 3536 sum:
737 3498 851 3537 non
879 3492 1101 3546 vereor,
1127 3492 1218 3547 ne,
1246 3479 1400 3553 quod
1427 3496 1503 3536 ne
1541 3478 1813 3556 suspicari
1844 3478 2074 3551 quidem
2106 3496 2206 3553 po·

222 3578 455 3646 tuerim,
504 3573 704 3631 videar
749 3573 808 3632 id
861 3571 1157 3647 cogitasse.
1262 3574 1356 3630 48.
1413 3572 1590 3632 Nunc
1635 3591 1949 3650 persequar
1994 3581 2203 3629 cetera.

220 3672 402 3733 ⁸Nam
450 3670 699 3727 occurrit
742 3669 915 3728 illud:
966 3666 1155 3744 Igitur
1194 3684 1270 3725 ne
1318 3666 1552 3729 Clodius
1598 3670 1823 3747 quidem
1869 3670 1939 3725 de
1985 3667 2206 3725 insidiis
