2885 3782
516 354 637 414 ⁸24
1167 364 1524 410 ametor-An
1566 364 1932 410 ommnoms.

597 530 882 590 abdiderit
919 530 980 587 in
1008 529 1265 600 classem,
1292 537 1354 587 tu
1395 529 1510 587 tuis
1549 530 1723 587 rebus
1748 527 2012 587 consulas
2040 536 2102 585 et
2128 529 2436 605 aliquando
2472 531 2578 590 tibi

597 629 788 706 potius
815 646 986 703 quam
1028 626 1210 686 culvis
1237 627 1315 684 sis
1342 628 1576 684 amicus.
1659 624 2029 686 satisfactum
2058 635 2146 684 est
2175 626 2300 702 jam
2327 646 2365 687 a
2400 638 2461 688 te
2482 629 2582 689 vel

599 724 782 783 officio
810 724 903 782 vel
941 722 1350 782 familiaritati:
1393 720 1744 780 satisfactum
1784 723 1957 779 etiam
1995 717 2279 799 ⁹partibus
2307 735 2368 783 et
2400 725 2459 784 ei
2494 726 2581 784 rei

599 820 881 897 publicae,
908 838 1078 894 quam
1123 830 1183 876 tu
1234 818 1533 894 probabas.
1613 817 1669 874 3.
1713 817 2026 893 Reliquum
2068 829 2172 889 est,
2200 829 2263 877 ut
2289 821 2390 879 ubi
2429 840 2583 881 nunc

549 926 689 977 §est
727 934 821 973 res
862 916 1105 991 publica,
1133 915 1211 971 ibi
1252 914 1429 971 simus
1466 912 1655 990 potius
1701 922 1893 988 quam,
1934 914 2072 972 dum
2118 916 2279 974 illam
2320 926 2583 976 veterem

600 1012 914 1087 sequimur,
958 1012 1136 1069 simus
1180 1011 1240 1067 in
1281 1010 1458 1068 nulia.
1550 1007 1748 1084 Quare
1796 1011 1990 1083 velim,
2038 1012 2117 1070 mi
2163 1011 2584 1088 jucundissime

606 1107 825 1180 Cicero,
852 1108 900 1165 si
940 1108 1085 1166 forte
1128 1107 1458 1182 PompeiuS,
1497 1106 1696 1182 pulsus
1742 1102 1874 1165 ¹⁰his
1914 1127 2142 1185 quoque
2186 1109 2342 1181 locis,
2382 1129 2584 1169 rursus

600 1206 751 1265 alias
793 1205 1053 1280 regiones
1101 1215 1297 1281 petere
1343 1212 1594 1280 cogatur,
1622 1213 1687 1262 ut
1727 1214 1791 1263 tu
1834 1215 1894 1264 tc
1937 1206 2034 1262 vel
2075 1206 2341 1264 Athenas
2384 1207 2486 1264 vel
2526 1207 2584 1264 iu

603 1303 868 1378 quamvis
900 1303 1152 1377 quietam
1192 1302 1435 1377 recipias
1470 1302 1778 1361 civitatem.
1860 1302 2031 1378 Quod
2070 1304 2120 1363 si
2159 1304 2273 1362 eris
2308 1302 2586 1376 facturus,

529 1411 591 1461 ιο
608 1399 781 1457 velim
808 1399 948 1455 mihi
974 1399 1207 1470 scribas,
1236 1409 1299 1456 ut
1317 1418 1444 1475 ego,
1463 1400 1513 1457 si
1541 1400 1660 1459 ullo
1685 1400 1855 1459 modo
1881 1411 2094 1477 potero,
2114 1401 2189 1458 ad
2214 1409 2272 1458 te
2298 1402 2585 1460 advolem.

608 1493 1019 1570 Quaecumque
1059 1495 1133 1552 de
1175 1505 1273 1552 tua
1312 1495 1592 1572 dignitate
1647 1497 1721 1554 ab
1776 1496 2121 1572 imperatore
2178 1506 2346 1555 erunt
2405 1498 2588 1575 impe-

605 1591 828 1662 tranda,
867 1587 1026 1667 llqua
1065 1600 1153 1649 est
1201 1591 1554 1651 humanitate
1601 1591 1833 1664 Caesar,
1874 1591 2211 1651 facillimum
2250 1593 2361 1651 erit
2400 1592 2479 1652 ab
2518 1611 2589 1651 eo

606 1689 711 1747 tibi
738 1689 849 1765 ipsi
871 1689 1178 1763 impetrare
1201 1711 1217 1755 ς
1259 1700 1320 1747 et
1337 1708 1497 1748 meas
1518 1699 1709 1749 tamen
1730 1707 1932 1767 preces
1953 1690 2106 1765 apud
2126 1708 2257 1747 eum
2284 1708 2399 1747 non
2425 1688 2591 1746 mini-

607 1802 768 1842 mum
807 1785 1157 1843 auctoritatis
1198 1784 1493 1843 habituras
1533 1794 1686 1861 puto.
1769 1782 1904 1842 Erit
1943 1793 2076 1842 tuae
2102 1803 2331 1860 quoque
2369 1784 2505 1844 fidei
2532 1794 2591 1842 et

534 1897 595 1944 15
609 1881 981 1940 humanitatis
1009 1901 1229 1952 curare,
1257 1890 1323 1940 ut
1348 1882 1398 1939 is
1421 1881 1770 1954 tabellarius,
1792 1899 1965 1957 quem
1985 1879 2061 1940 ad
2088 1890 2145 1939 te
2165 1880 2312 1953 misi,
2332 1874 2592 1940 ”reverti

609 1980 790 2059 possit
807 1977 886 2039 ad
910 1997 1004 2038 me
1032 1989 1090 2037 ct
1114 1997 1153 2037 a
1179 1990 1236 2036 te
1263 1978 1404 2036 mihi
1431 1978 1651 2037 litteras
1677 1977 1907 2035 referat.

1053 2305 1440 2370 EPISTO
1462 2305 1594 2365 LA
1669 2305 2028 2365 XXVI!

1155 2468 1284 2534 (Ser.
1306 2465 1561 2517 Brundisii
1581 2464 1650 2516 A.
1675 2464 1742 2516 U.
1769 2463 1827 2517 C.
1850 2465 1981 2531 706.)

973 2618 1262 2679 Tonans
1305 2614 1684 2673 Tema-‚mun
1728 2609 1905 2671 Suu
1950 2609 2011 2672 S.
2054 2612 2131 2670 D.

695 2747 790 2808 ιῙιι
829 2731 1097 2808 mimis
1136 2744 1282 2803 meis
1309 2741 1601 2800 doloribus
1625 2739 1915 2798 excruciat
1943 2756 2038 2798 mc
2065 2739 2333 2798 valetudo
2360 2739 2590 2800 ‘Pulliae

614 2859 859 2910 nostrae.
943 2845 1036 2902 De
1075 2862 1191 2919 qua
1236 2839 1381 2897 nihil
1419 2846 1522 2908 est,
1548 2836 1703 2912 quod
1749 2835 1825 2894 ad
1863 2845 1922 2893 te
1962 2836 2128 2913 plura
2167 2836 2453 2905 scribam3
2492 2835 2593 2894 tibi

613 2949 771 3006 enim
798 2963 984 3021 aeque
1010 2957 1254 3018 magnae
1283 2953 1457 2996 curae
1485 2951 1611 2991 esse
1638 2941 1796 2990 certo
1822 2931 1956 2988 scio.
2040 2929 2209 3005 Quod
2235 2949 2331 2989 me
2359 2932 2594 3008 propius

536 3056 603 3105 80
619 3044 794 3103 vultis
819 3041 1109 3111 accedere,
1136 3039 1305 3096 video
1340 3037 1422 3093 ita
1459 3050 1585 3092 esse
1622 3028 1964 3089 faciendum.
2046 3026 2243 3085 Etiam
2270 3038 2408 3087 ante
2433 3027 2595 3087 fecte·

615 3158 737 3200 sem
762 3162 777 3208 3
818 3140 918 3198 sed
957 3155 1050 3194 me
1087 3137 1267 3193 multa
1301 3131 1745 3209 impedis-erunt,
1773 3141 1923 3201 quae
1952 3142 2027 3182 ne
2054 3139 2206 3182 nunc
2233 3124 2468 3200 quidem
2495 3137 2597 3182 ex*

616 3237 812 3314 pedita
837 3243 984 3293 sunt.
1066 3231 1184 3293 sed
1210 3247 1249 3290 a
1273 3227 1591 3305 Pomponio
1629 3231 1903 3300 exspecto
1941 3220 2178 3289 litteras,
2205 3239 2348 3296 quas
2386 3220 2461 3278 ad
2501 3231 2594 3278 mo

617 3350 793 3408 quam
834 3330 1086 3408 primum
1125 3325 1495 3404 perferendas
1535 3337 1701 3380 cures
1730 3317 1921 3377 velim.
2007 3315 2105 3374 Da
2130 3333 2385 3392 operam,
2407 3323 2472 3373 ut
2498 3329 2593 3373 va·

1249 3595 1288 3636 ²*
1315 3595 1399 3645 Ad
1423 3594 1567 3644 Fam.
1592 3588 1742 3644 xlv,
1770 3594 1845 3641 1⁹.
