<?xml version="1.0" encoding="UTF-8"?>
<!DOCTYPE html PUBLIC "-//W3C//DTD XHTML 1.0 Transitional//EN"
    "http://www.w3.org/TR/xhtml1/DTD/xhtml1-transitional.dtd">
<html xmlns="http://www.w3.org/1999/xhtml" xml:lang="en" lang="en">
 <head>
  <title>
</title>
<meta http-equiv="Content-Type" content="text/html;charset=utf-8" />
  <meta name='ocr-system' content='tesseract 3.04.00' />
  <meta name='ocr-capabilities' content='ocr_page ocr_carea ocr_par ocr_line ocrx_word'/>
</head>
<body>
  <div class='ocr_page' id='page_1' title='image "./preparatorylati04hansgoog_0316.png"; bbox 0 0 2885 3782; ppageno 0'>
   <div class='ocr_carea' id='block_1_1' title="bbox 563 418 1981 480">
    <p class='ocr_par' dir='ltr' id='par_1_1' title="bbox 563 418 1981 480">
     <span class='ocr_line' id='line_1_1' title="bbox 563 418 1981 480; baseline -0.002 0"><span class='ocrx_word' id='word_1_1' title='bbox 563 418 685 480; x_wconf 65' lang='grc'><strong>’294</strong></span> <span class='ocrx_word' id='word_1_2' title='bbox 965 470 972 477; x_wconf 93' lang='grc'><em>.</em></span> <span class='ocrx_word' id='word_1_3' title='bbox 1219 433 1574 479; x_wconf 65' lang='lat' dir='ltr'><strong>maronae</strong></span> <span class='ocrx_word' id='word_1_4' title='bbox 1618 432 1981 479; x_wconf 66' lang='lat' dir='ltr'><strong>cremamus.</strong></span> 
     </span>
    </p>
   </div>
   <div class='ocr_carea' id='block_1_2' title="bbox 565 580 2639 3367">
    <p class='ocr_par' dir='ltr' id='par_1_2' title="bbox 565 580 2639 3367">
     <span class='ocr_line' id='line_1_2' title="bbox 642 580 2617 675; baseline 0 -18"><span class='ocrx_word' id='word_1_5' title='bbox 642 599 769 657; x_wconf 82' lang='lat' dir='ltr'><strong>sine</strong></span> <span class='ocrx_word' id='word_1_6' title='bbox 794 598 1055 675; x_wconf 79' lang='lat' dir='ltr'>plurimis</span> <span class='ocrx_word' id='word_1_7' title='bbox 1079 580 1329 658; x_wconf 82' lang='lat' dir='ltr'><strong>lacrimis</strong></span> <span class='ocrx_word' id='word_1_8' title='bbox 1357 600 1624 658; x_wconf 85' lang='lat' dir='ltr'><strong>scribere.</strong></span> <span class='ocrx_word' id='word_1_9' title='bbox 1703 588 1829 658; x_wconf 73' lang='lat' dir='ltr'><strong>Vos</strong></span> <span class='ocrx_word' id='word_1_10' title='bbox 1856 600 2011 659; x_wconf 89' lang='lat' dir='ltr'><strong>enim</strong></span> <span class='ocrx_word' id='word_1_11' title='bbox 2031 600 2201 658; x_wconf 78' lang='lat' dir='ltr'><strong>video</strong></span> <span class='ocrx_word' id='word_1_12' title='bbox 2220 619 2347 658; x_wconf 84' lang='lat' dir='ltr'><strong>esse</strong></span> <span class='ocrx_word' id='word_1_13' title='bbox 2368 588 2617 658; x_wconf 79' lang='lat' dir='ltr'><strong>miserri-</strong></span> 
     </span>
     <span class='ocr_line' id='line_1_3' title="bbox 640 696 2622 774; baseline 0.002 -20"><span class='ocrx_word' id='word_1_14' title='bbox 640 714 783 769; x_wconf 45' lang='lat' dir='ltr'><strong>ma&amp;</strong></span> <span class='ocrx_word' id='word_1_15' title='bbox 808 716 951 772; x_wconf 88' lang='lat' dir='ltr'><strong>quas</strong></span> <span class='ocrx_word' id='word_1_16' title='bbox 978 715 1086 773; x_wconf 86' lang='lat' dir='ltr'><strong>ego</strong></span> <span class='ocrx_word' id='word_1_17' title='bbox 1113 696 1469 756; x_wconf 83' lang='lat' dir='ltr'><strong>beatissimas</strong></span> <span class='ocrx_word' id='word_1_18' title='bbox 1508 706 1738 774; x_wconf 81' lang='lat' dir='ltr'><strong>semper</strong></span> <span class='ocrx_word' id='word_1_19' title='bbox 1773 716 1900 756; x_wconf 70' lang='lat' dir='ltr'><strong>oese</strong></span> <span class='ocrx_word' id='word_1_20' title='bbox 1928 698 2083 756; x_wconf 88' lang='lat' dir='ltr'><strong>volui</strong></span> <span class='ocrx_word' id='word_1_21' title='bbox 2108 699 2283 774; x_wconf 89' lang='lat' dir='ltr'><strong>idque</strong></span> <span class='ocrx_word' id='word_1_22' title='bbox 2324 709 2622 774; x_wconf 85' lang='lat' dir='ltr'><strong>praestare</strong></span> 
     </span>
     <span class='ocr_line' id='line_1_4' title="bbox 639 786 2622 869; baseline 0.002 -21"><span class='ocrx_word' id='word_1_23' title='bbox 639 786 815 849; x_wconf 82' lang='lat' dir='ltr'><strong>debui</strong></span> <span class='ocrx_word' id='word_1_24' title='bbox 855 800 931 864; x_wconf 91' lang='lat' dir='ltr'><strong>et,</strong></span> <span class='ocrx_word' id='word_1_25' title='bbox 962 792 1072 849; x_wconf 88' lang='lat' dir='ltr'><strong>nisi</strong></span> <span class='ocrx_word' id='word_1_26' title='bbox 1105 799 1224 850; x_wconf 88' lang='lat' dir='ltr'><strong>tam</strong></span> <span class='ocrx_word' id='word_1_27' title='bbox 1263 792 1451 850; x_wconf 83' lang='lat' dir='ltr'><strong>timidi</strong></span> <span class='ocrx_word' id='word_1_28' title='bbox 1485 790 1809 865; x_wconf 84' lang='lat' dir='ltr'><strong>fuissemus,</strong></span> <span class='ocrx_word' id='word_1_29' title='bbox 1847 790 2273 869; x_wconf 76' lang='lat' dir='ltr'><strong>praestitissem.</strong></span> <span class='ocrx_word' id='word_1_30' title='bbox 2355 793 2412 851; x_wconf 82' lang='lat'><strong>2.</strong></span> <span class='ocrx_word' id='word_1_31' title='bbox 2455 791 2622 851; x_wconf 84' lang='lat' dir='ltr'><strong>Piso-</strong></span> 
     </span>
     <span class='ocr_line' id='line_1_5' title="bbox 639 882 2624 966; baseline -0.001 -20"><span class='ocrx_word' id='word_1_32' title='bbox 639 904 776 947; x_wconf 88' lang='lat' dir='ltr'><strong>nem</strong></span> <span class='ocrx_word' id='word_1_33' title='bbox 801 898 1057 947; x_wconf 81' lang='lat' dir='ltr'><strong>nostrum</strong></span> <span class='ocrx_word' id='word_1_34' title='bbox 1083 888 1287 947; x_wconf 88' lang='lat' dir='ltr'><strong>merito</strong></span> <span class='ocrx_word' id='word_1_35' title='bbox 1307 888 1433 964; x_wconf 81' lang='lat' dir='ltr'><strong>ejus</strong></span> <span class='ocrx_word' id='word_1_36' title='bbox 1461 904 1594 947; x_wconf 87' lang='lat' dir='ltr'><strong>amo</strong></span> <span class='ocrx_word' id='word_1_37' title='bbox 1619 882 1945 966; x_wconf 84' lang='lat' dir='ltr'><strong>plurimum.</strong></span> <span class='ocrx_word' id='word_1_38' title='bbox 2028 884 2203 961; x_wconf 86' lang='lat' dir='ltr'><strong>Eum,</strong></span> <span class='ocrx_word' id='word_1_39' title='bbox 2222 899 2286 947; x_wconf 85' lang='lat' dir='ltr'><strong>ut</strong></span> <span class='ocrx_word' id='word_1_40' title='bbox 2313 889 2492 966; x_wconf 86' lang='lat' dir='ltr'><strong>potui,</strong></span> <span class='ocrx_word' id='word_1_41' title='bbox 2517 906 2624 965; x_wconf 90' lang='lat' dir='ltr'><strong>per</strong></span> 
     </span>
     <span class='ocr_line' id='line_1_6' title="bbox 590 978 2625 1062; baseline -0 -19"><span class='ocrx_word' id='word_1_42' title='bbox 590 998 621 1044; x_wconf 76' lang='lat'><strong>5</strong></span> <span class='ocrx_word' id='word_1_43' title='bbox 642 985 862 1043; x_wconf 85' lang='lat' dir='ltr'><strong>litteras</strong></span> <span class='ocrx_word' id='word_1_44' title='bbox 887 985 1216 1043; x_wconf 72' lang='lat' dir='ltr'><strong>cohortatus</strong></span> <span class='ocrx_word' id='word_1_45' title='bbox 1243 1000 1374 1042; x_wconf 90' lang='lat' dir='ltr'><strong>sum</strong></span> <span class='ocrx_word' id='word_1_46' title='bbox 1401 978 1732 1062; x_wconf 74' lang='lat' dir='ltr'><strong>gratiasque</strong></span> <span class='ocrx_word' id='word_1_47' title='bbox 1758 986 1869 1062; x_wconf 79' lang='lat' dir='ltr'><strong>egi,</strong></span> <span class='ocrx_word' id='word_1_48' title='bbox 1888 994 1954 1043; x_wconf 88' lang='lat' dir='ltr'><strong>ut</strong></span> <span class='ocrx_word' id='word_1_49' title='bbox 1972 986 2161 1047; x_wconf 82' lang='lat' dir='ltr'><strong>debui.</strong></span> <span class='ocrx_word' id='word_1_50' title='bbox 2244 984 2317 1049; x_wconf 81' lang='lat' dir='ltr'><strong>In</strong></span> <span class='ocrx_word' id='word_1_51' title='bbox 2336 986 2505 1044; x_wconf 78' lang='lat' dir='ltr'><strong>nobis</strong></span> <span class='ocrx_word' id='word_1_52' title='bbox 2526 986 2625 1042; x_wconf 87' lang='lat' dir='ltr'><strong>tri-</strong></span> 
     </span>
     <span class='ocr_line' id='line_1_7' title="bbox 641 1068 2622 1156; baseline 0 -18"><span class='ocrx_word' id='word_1_53' title='bbox 641 1081 812 1139; x_wconf 76' lang='lat' dir='ltr'><strong>bunis</strong></span> <span class='ocrx_word' id='word_1_54' title='bbox 837 1081 915 1156; x_wconf 69' lang='lat' dir='ltr'><strong>pL</strong></span> <span class='ocrx_word' id='word_1_55' title='bbox 936 1081 1193 1156; x_wconf 79' lang='lat' dir='ltr'><strong>intelligo</strong></span> <span class='ocrx_word' id='word_1_56' title='bbox 1218 1084 1381 1156; x_wconf 72' lang='lat' dir='ltr'><strong>spem</strong></span> <span class='ocrx_word' id='word_1_57' title='bbox 1399 1092 1459 1138; x_wconf 70' lang='lat' dir='ltr'><strong>te</strong></span> <span class='ocrx_word' id='word_1_58' title='bbox 1478 1081 1711 1139; x_wconf 71' lang='lat' dir='ltr'><strong>habere.</strong></span> <span class='ocrx_word' id='word_1_59' title='bbox 1790 1072 1862 1138; x_wconf 86' lang='lat' dir='ltr'><strong>Id</strong></span> <span class='ocrx_word' id='word_1_60' title='bbox 1884 1078 1996 1138; x_wconf 75' lang='lat' dir='ltr'><strong>erit</strong></span> <span class='ocrx_word' id='word_1_61' title='bbox 2010 1072 2255 1152; x_wconf 77' lang='lat' dir='ltr'><strong>firmum,</strong></span> <span class='ocrx_word' id='word_1_62' title='bbox 2273 1082 2320 1139; x_wconf 65' lang='lat' dir='ltr'><strong>si</strong></span> <span class='ocrx_word' id='word_1_63' title='bbox 2350 1068 2622 1156; x_wconf 77' lang='lat' dir='ltr'><strong>Pompeii</strong></span> 
     </span>
     <span class='ocr_line' id='line_1_8' title="bbox 639 1174 2628 1253; baseline 0.001 -19"><span class='ocrx_word' id='word_1_64' title='bbox 639 1176 906 1234; x_wconf 80' lang='lat' dir='ltr'><strong>voluntas</strong></span> <span class='ocrx_word' id='word_1_65' title='bbox 922 1176 1032 1234; x_wconf 88' lang='lat' dir='ltr'><strong>erit</strong></span> <span class='ocrx_word' id='word_1_66' title='bbox 1049 1197 1066 1244; x_wconf 68' lang='grc' dir='ltr'><strong><em>ς</em></strong></span> <span class='ocrx_word' id='word_1_67' title='bbox 1105 1176 1209 1234; x_wconf 84' lang='lat' dir='ltr'><strong>sed</strong></span> <span class='ocrx_word' id='word_1_68' title='bbox 1229 1174 1502 1234; x_wconf 79' lang='lat' dir='ltr'><strong>Crassum</strong></span> <span class='ocrx_word' id='word_1_69' title='bbox 1522 1186 1712 1235; x_wconf 86' lang='lat' dir='ltr'><strong>tamen</strong></span> <span class='ocrx_word' id='word_1_70' title='bbox 1733 1184 1943 1235; x_wconf 83' lang='lat' dir='ltr'><strong>metuo.</strong></span> <span class='ocrx_word' id='word_1_71' title='bbox 2021 1176 2085 1234; x_wconf 87' lang='lat' dir='ltr'>A</span> <span class='ocrx_word' id='word_1_72' title='bbox 2104 1186 2162 1235; x_wconf 85' lang='lat' dir='ltr'><strong>te</strong></span> <span class='ocrx_word' id='word_1_73' title='bbox 2178 1178 2413 1253; x_wconf 90' lang='lat' dir='ltr'><strong>quidem</strong></span> <span class='ocrx_word' id='word_1_74' title='bbox 2433 1174 2628 1235; x_wconf 88' lang='lat' dir='ltr'><strong>omnia</strong></span> 
     </span>
     <span class='ocr_line' id='line_1_9' title="bbox 641 1260 2629 1344; baseline 0.001 -14"><span class='ocrx_word' id='word_1_75' title='bbox 641 1272 770 1330; x_wconf 74' lang='lat' dir='ltr'><strong>fieri</strong></span> <span class='ocrx_word' id='word_1_76' title='bbox 797 1270 1100 1330; x_wconf 78' lang='lat' dir='ltr'><strong>fortissime</strong></span> <span class='ocrx_word' id='word_1_77' title='bbox 1138 1279 1199 1329; x_wconf 91' lang='lat' dir='ltr'><strong>et</strong></span> <span class='ocrx_word' id='word_1_78' title='bbox 1236 1271 1625 1330; x_wconf 77' lang='lat' dir='ltr'><strong>amantissime</strong></span> <span class='ocrx_word' id='word_1_79' title='bbox 1650 1264 1839 1344; x_wconf 80' lang='lat' dir='ltr'><strong>video,</strong></span> <span class='ocrx_word' id='word_1_80' title='bbox 1864 1260 1972 1331; x_wconf 84' lang='lat' dir='ltr'><strong>nec</strong></span> <span class='ocrx_word' id='word_1_81' title='bbox 1996 1272 2211 1341; x_wconf 88' lang='lat' dir='ltr'><strong>miror;</strong></span> <span class='ocrx_word' id='word_1_82' title='bbox 2252 1272 2354 1330; x_wconf 84' lang='lat' dir='ltr'><strong>sed</strong></span> <span class='ocrx_word' id='word_1_83' title='bbox 2394 1290 2629 1331; x_wconf 85' lang='lat' dir='ltr'><strong>maereo</strong></span> 
     </span>
     <span class='ocr_line' id='line_1_10' title="bbox 639 1357 2631 1444; baseline -0.001 -17"><span class='ocrx_word' id='word_1_84' title='bbox 639 1384 838 1427; x_wconf 83' lang='lat' dir='ltr'><strong>easum</strong></span> <span class='ocrx_word' id='word_1_85' title='bbox 858 1367 1155 1444; x_wconf 87' lang='lat' dir='ltr'><strong>ejusmodi,</strong></span> <span class='ocrx_word' id='word_1_86' title='bbox 1174 1376 1240 1425; x_wconf 88' lang='lat' dir='ltr'><strong>ut</strong></span> <span class='ocrx_word' id='word_1_87' title='bbox 1259 1369 1431 1426; x_wconf 85' lang='lat' dir='ltr'><strong>tantis</strong></span> <span class='ocrx_word' id='word_1_88' title='bbox 1454 1362 1566 1425; x_wconf 84' lang='lat' dir='ltr'><strong>tuis</strong></span> <span class='ocrx_word' id='word_1_89' title='bbox 1586 1357 1831 1426; x_wconf 78' lang='lat' dir='ltr'><strong>miseriis</strong></span> <span class='ocrx_word' id='word_1_90' title='bbox 1851 1374 2016 1427; x_wconf 81' lang='lat' dir='ltr'><strong>meae</strong></span> <span class='ocrx_word' id='word_1_91' title='bbox 2035 1368 2301 1426; x_wconf 81' lang='lat' dir='ltr'><strong>miseriae</strong></span> <span class='ocrx_word' id='word_1_92' title='bbox 2323 1369 2631 1426; x_wconf 77' lang='lat' dir='ltr'><strong>subleven—</strong></span> 
     </span>
     <span class='ocr_line' id='line_1_11' title="bbox 565 1456 2630 1540; baseline -0.001 -14"><span class='ocrx_word' id='word_1_93' title='bbox 565 1476 630 1526; x_wconf 84' lang='lat' dir='ltr'><strong>lo</strong></span> <span class='ocrx_word' id='word_1_94' title='bbox 644 1462 749 1523; x_wconf 75' lang='lat' dir='ltr'><strong>tur.</strong></span> <span class='ocrx_word' id='word_1_95' title='bbox 836 1462 995 1523; x_wconf 86' lang='lat' dir='ltr'><strong>Nam</strong></span> <span class='ocrx_word' id='word_1_96' title='bbox 1013 1464 1086 1523; x_wconf 86' lang='lat' dir='ltr'><strong>ad</strong></span> <span class='ocrx_word' id='word_1_97' title='bbox 1106 1483 1201 1522; x_wconf 90' lang='lat' dir='ltr'><strong>me</strong></span> <span class='ocrx_word' id='word_1_98' title='bbox 1223 1462 1296 1521; x_wconf 88' lang='lat' dir='ltr'><strong>P.</strong></span> <span class='ocrx_word' id='word_1_99' title='bbox 1313 1463 1602 1535; x_wconf 78' lang='lat' dir='ltr'><strong>Valerius,</strong></span> <span class='ocrx_word' id='word_1_100' title='bbox 1620 1464 1790 1522; x_wconf 86' lang='lat' dir='ltr'><strong>homo</strong></span> <span class='ocrx_word' id='word_1_101' title='bbox 1810 1464 2108 1536; x_wconf 86' lang='lat' dir='ltr'><strong>officiosus,</strong></span> <span class='ocrx_word' id='word_1_102' title='bbox 2123 1465 2368 1539; x_wconf 87' lang='lat' dir='ltr'><strong>scripsit,</strong></span> <span class='ocrx_word' id='word_1_103' title='bbox 2391 1465 2451 1521; x_wconf 90' lang='lat' dir='ltr'><strong>id</strong></span> <span class='ocrx_word' id='word_1_104' title='bbox 2475 1456 2630 1540; x_wconf 78' lang='lat' dir='ltr'><strong>quod</strong></span> 
     </span>
     <span class='ocr_line' id='line_1_12' title="bbox 641 1552 2632 1637; baseline 0 -19"><span class='ocrx_word' id='word_1_105' title='bbox 641 1579 754 1637; x_wconf 86' lang='lat' dir='ltr'><strong>ego</strong></span> <span class='ocrx_word' id='word_1_106' title='bbox 780 1561 1033 1619; x_wconf 81' lang='lat' dir='ltr'><strong>maxim0</strong></span> <span class='ocrx_word' id='word_1_107' title='bbox 1059 1576 1191 1618; x_wconf 85' lang='lat' dir='ltr'><strong>eum</strong></span> <span class='ocrx_word' id='word_1_108' title='bbox 1217 1559 1356 1617; x_wconf 87' lang='lat' dir='ltr'><strong>fietu</strong></span> <span class='ocrx_word' id='word_1_109' title='bbox 1383 1560 1519 1637; x_wconf 87' lang='lat' dir='ltr'><strong>legi,</strong></span> <span class='ocrx_word' id='word_1_110' title='bbox 1539 1556 2016 1636; x_wconf 84' lang='lat' dir='ltr'><strong>quemadmodum</strong></span> <span class='ocrx_word' id='word_1_111' title='bbox 2035 1556 2094 1618; x_wconf 82' lang='lat' dir='ltr'><strong>¹a</strong></span> <span class='ocrx_word' id='word_1_112' title='bbox 2109 1552 2327 1617; x_wconf 74' lang='lat' dir='ltr'><strong>Vestae</strong></span> <span class='ocrx_word' id='word_1_113' title='bbox 2346 1552 2445 1618; x_wconf 72' lang='lat' dir='ltr'><strong>&#39;ad</strong></span> <span class='ocrx_word' id='word_1_114' title='bbox 2468 1561 2632 1619; x_wconf 80' lang='lat' dir='ltr'><strong>tabu-</strong></span> 
     </span>
     <span class='ocr_line' id='line_1_13' title="bbox 643 1652 2633 1729; baseline -0.001 -14"><span class='ocrx_word' id='word_1_115' title='bbox 643 1658 764 1715; x_wconf 88' lang='lat' dir='ltr'><strong>lam</strong></span> <span class='ocrx_word' id='word_1_116' title='bbox 784 1657 1082 1715; x_wconf 81' lang='lat' dir='ltr'><strong>Valeriam</strong></span> <span class='ocrx_word' id='word_1_117' title='bbox 1103 1657 1275 1715; x_wconf 84' lang='lat' dir='ltr'><strong>ducta</strong></span> <span class='ocrx_word' id='word_1_118' title='bbox 1293 1674 1465 1714; x_wconf 73' lang='lat' dir='ltr'><strong>esseS.</strong></span> <span class='ocrx_word' id='word_1_119' title='bbox 1548 1652 1723 1729; x_wconf 86' lang='lat' dir='ltr'><strong>Hem,</strong></span> <span class='ocrx_word' id='word_1_120' title='bbox 1741 1670 1875 1715; x_wconf 87' lang='lat' dir='ltr'><strong>mea</strong></span> <span class='ocrx_word' id='word_1_121' title='bbox 1898 1656 2022 1729; x_wconf 81' lang='lat' dir='ltr'><strong>lux,</strong></span> <span class='ocrx_word' id='word_1_122' title='bbox 2041 1666 2237 1715; x_wconf 78' lang='lat' dir='ltr'><strong>meum</strong></span> <span class='ocrx_word' id='word_1_123' title='bbox 2261 1656 2633 1728; x_wconf 80' lang='lat' dir='ltr'><strong>desiderium,</strong></span> 
     </span>
     <span class='ocr_line' id='line_1_14' title="bbox 643 1746 2634 1829; baseline -0.001 -19"><span class='ocrx_word' id='word_1_124' title='bbox 643 1746 800 1811; x_wconf 84' lang='lat' dir='ltr'><strong>unde</strong></span> <span class='ocrx_word' id='word_1_125' title='bbox 835 1770 1035 1810; x_wconf 81' lang='lat' dir='ltr'><strong>omnes</strong></span> <span class='ocrx_word' id='word_1_126' title='bbox 1071 1768 1246 1829; x_wconf 81' lang='lat' dir='ltr'><strong>opem</strong></span> <span class='ocrx_word' id='word_1_127' title='bbox 1283 1760 1482 1828; x_wconf 77' lang='lat' dir='ltr'><strong>petere</strong></span> <span class='ocrx_word' id='word_1_128' title='bbox 1524 1748 1817 1810; x_wconf 77' lang='lat' dir='ltr'><strong>solebant!</strong></span> <span class='ocrx_word' id='word_1_129' title='bbox 1855 1747 1936 1810; x_wconf 64' lang='grc' dir='ltr'><strong>ἰθ</strong></span> <span class='ocrx_word' id='word_1_130' title='bbox 1963 1764 2134 1823; x_wconf 86' lang='lat' dir='ltr'><strong>nunc,</strong></span> <span class='ocrx_word' id='word_1_131' title='bbox 2160 1762 2295 1811; x_wconf 85' lang='lat' dir='ltr'><strong>mea</strong></span> <span class='ocrx_word' id='word_1_132' title='bbox 2335 1748 2634 1821; x_wconf 82' lang='lat' dir='ltr'><strong>Terentia,</strong></span> 
     </span>
     <span class='ocr_line' id='line_1_15' title="bbox 643 1832 2635 1924; baseline -0.001 -15"><span class='ocrx_word' id='word_1_133' title='bbox 643 1850 731 1910; x_wconf 81' lang='lat' dir='ltr'><strong>sic</strong></span> <span class='ocrx_word' id='word_1_134' title='bbox 755 1850 978 1922; x_wconf 81' lang='lat' dir='ltr'><strong>vexari,</strong></span> <span class='ocrx_word' id='word_1_135' title='bbox 1003 1849 1087 1908; x_wconf 88' lang='lat' dir='ltr'><strong>sic</strong></span> <span class='ocrx_word' id='word_1_136' title='bbox 1115 1846 1315 1924; x_wconf 77' lang='lat' dir='ltr'><strong>jacere</strong></span> <span class='ocrx_word' id='word_1_137' title='bbox 1342 1848 1404 1906; x_wconf 90' lang='lat' dir='ltr'><strong>in</strong></span> <span class='ocrx_word' id='word_1_138' title='bbox 1433 1848 1683 1907; x_wconf 85' lang='lat' dir='ltr'><strong>lacrimis</strong></span> <span class='ocrx_word' id='word_1_139' title='bbox 1713 1858 1772 1906; x_wconf 87' lang='lat' dir='ltr'><strong>et</strong></span> <span class='ocrx_word' id='word_1_140' title='bbox 1797 1832 2099 1907; x_wconf 73' lang='lat' dir='ltr'><strong>sordibusi</strong></span> <span class='ocrx_word' id='word_1_141' title='bbox 2137 1836 2311 1923; x_wconf 82' lang='lat' dir='ltr'><strong>idque</strong></span> <span class='ocrx_word' id='word_1_142' title='bbox 2345 1846 2473 1907; x_wconf 85' lang='lat' dir='ltr'><strong>fieri</strong></span> <span class='ocrx_word' id='word_1_143' title='bbox 2505 1866 2635 1908; x_wconf 87' lang='lat' dir='ltr'><strong>mea</strong></span> 
     </span>
     <span class='ocr_line' id='line_1_16' title="bbox 570 1937 2634 2046; baseline -0.002 -38"><span class='ocrx_word' id='word_1_144' title='bbox 570 1961 632 2008; x_wconf 72' lang='lat'><strong>16</strong></span> <span class='ocrx_word' id='word_1_145' title='bbox 648 1943 834 2023; x_wconf 70' lang='lat' dir='ltr'><strong>culpa,</strong></span> <span class='ocrx_word' id='word_1_146' title='bbox 861 1946 961 2022; x_wconf 86' lang='lat' dir='ltr'><strong>qui</strong></span> <span class='ocrx_word' id='word_1_147' title='bbox 1003 1955 1223 2004; x_wconf 80' lang='lat' dir='ltr'><strong>ceteros</strong></span> <span class='ocrx_word' id='word_1_148' title='bbox 1261 1944 1514 2017; x_wconf 78' lang='lat' dir='ltr'><strong>servavi,</strong></span> <span class='ocrx_word' id='word_1_149' title='bbox 1554 1953 1619 2002; x_wconf 90' lang='lat' dir='ltr'><strong>ut</strong></span> <span class='ocrx_word' id='word_1_150' title='bbox 1657 1963 1763 2046; x_wconf 82' lang='lat' dir='ltr'><strong>nos</strong></span> <span class='ocrx_word' id='word_1_151' title='bbox 1802 1937 2162 2022; x_wconf 80' lang='lat' dir='ltr'><strong>periremus!</strong></span> <span class='ocrx_word' id='word_1_152' title='bbox 2244 1944 2300 2002; x_wconf 83' lang='lat'><strong>3.</strong></span> <span class='ocrx_word' id='word_1_153' title='bbox 2346 1943 2523 2018; x_wconf 86' lang='lat' dir='ltr'><strong>Quod</strong></span> <span class='ocrx_word' id='word_1_154' title='bbox 2562 1941 2634 2003; x_wconf 80' lang='lat' dir='ltr'><strong>de</strong></span> 
     </span>
     <span class='ocr_line' id='line_1_17' title="bbox 645 2031 2633 2128; baseline -0.002 -27"><span class='ocrx_word' id='word_1_155' title='bbox 645 2044 817 2101; x_wconf 80' lang='lat' dir='ltr'><strong>domo</strong></span> <span class='ocrx_word' id='word_1_156' title='bbox 856 2041 1072 2112; x_wconf 86' lang='lat' dir='ltr'><strong>scribis,</strong></span> <span class='ocrx_word' id='word_1_157' title='bbox 1112 2041 1222 2099; x_wconf 87' lang='lat' dir='ltr'><strong>hoc</strong></span> <span class='ocrx_word' id='word_1_158' title='bbox 1260 2050 1365 2112; x_wconf 87' lang='lat' dir='ltr'><strong>est,</strong></span> <span class='ocrx_word' id='word_1_159' title='bbox 1387 2038 1487 2098; x_wconf 81' lang='lat' dir='ltr'><strong>⁴de</strong></span> <span class='ocrx_word' id='word_1_160' title='bbox 1529 2059 1698 2099; x_wconf 84' lang='lat' dir='ltr'><strong>area:</strong></span> <span class='ocrx_word' id='word_1_161' title='bbox 1743 2059 1851 2117; x_wconf 88' lang='lat' dir='ltr'><strong>ego</strong></span> <span class='ocrx_word' id='word_1_162' title='bbox 1893 2057 2033 2099; x_wconf 83' lang='lat' dir='ltr'><strong>vero</strong></span> <span class='ocrx_word' id='word_1_163' title='bbox 2059 2047 2185 2098; x_wconf 83' lang='lat' dir='ltr'><strong>tum</strong></span> <span class='ocrx_word' id='word_1_164' title='bbox 2213 2031 2468 2128; x_wconf 82' lang='lat' dir='ltr'><strong>(lenique</strong></span> <span class='ocrx_word' id='word_1_165' title='bbox 2494 2031 2633 2098; x_wconf 85' lang='lat' dir='ltr'><strong>mihi</strong></span> 
     </span>
     <span class='ocr_line' id='line_1_18' title="bbox 646 2123 2635 2209; baseline -0.001 -12"><span class='ocrx_word' id='word_1_166' title='bbox 646 2140 888 2197; x_wconf 67' lang='lat' dir='ltr'><strong>videbor</strong></span> <span class='ocrx_word' id='word_1_167' title='bbox 926 2137 1239 2209; x_wconf 72' lang='lat' dir='ltr'><strong>restitutuS,</strong></span> <span class='ocrx_word' id='word_1_168' title='bbox 1277 2137 1329 2194; x_wconf 81' lang='lat' dir='ltr'><strong>si</strong></span> <span class='ocrx_word' id='word_1_169' title='bbox 1368 2136 1471 2194; x_wconf 91' lang='lat' dir='ltr'><strong>illa</strong></span> <span class='ocrx_word' id='word_1_170' title='bbox 1508 2138 1671 2195; x_wconf 85' lang='lat' dir='ltr'><strong>nobis</strong></span> <span class='ocrx_word' id='word_1_171' title='bbox 1714 2137 1824 2194; x_wconf 91' lang='lat' dir='ltr'><strong>erit</strong></span> <span class='ocrx_word' id='word_1_172' title='bbox 1861 2133 2141 2200; x_wconf 84' lang='lat' dir='ltr'><strong>restituta.</strong></span> <span class='ocrx_word' id='word_1_173' title='bbox 2223 2123 2453 2195; x_wconf 80' lang='lat' dir='ltr'><strong>Verum</strong></span> <span class='ocrx_word' id='word_1_174' title='bbox 2492 2137 2635 2195; x_wconf 86' lang='lat' dir='ltr'><strong>haec</strong></span> 
     </span>
     <span class='ocr_line' id='line_1_19' title="bbox 646 2225 2635 2307; baseline -0.001 -15"><span class='ocrx_word' id='word_1_175' title='bbox 646 2253 764 2293; x_wconf 88' lang='lat' dir='ltr'><strong>non</strong></span> <span class='ocrx_word' id='word_1_176' title='bbox 789 2242 922 2291; x_wconf 87' lang='lat' dir='ltr'><strong>sunt</strong></span> <span class='ocrx_word' id='word_1_177' title='bbox 941 2233 1000 2289; x_wconf 90' lang='lat' dir='ltr'><strong>in</strong></span> <span class='ocrx_word' id='word_1_178' title='bbox 1027 2240 1222 2290; x_wconf 86' lang='lat' dir='ltr'><strong>nostra</strong></span> <span class='ocrx_word' id='word_1_179' title='bbox 1246 2247 1438 2289; x_wconf 86' lang='lat' dir='ltr'><strong>mauu.</strong></span> <span class='ocrx_word' id='word_1_180' title='bbox 1521 2229 1675 2289; x_wconf 82' lang='lat' dir='ltr'><strong>Illud</strong></span> <span class='ocrx_word' id='word_1_181' title='bbox 1698 2225 1924 2303; x_wconf 79' lang='lat' dir='ltr'><strong>doleo,‘</strong></span> <span class='ocrx_word' id='word_1_182' title='bbox 1923 2243 2072 2306; x_wconf 79' lang='lat' dir='ltr'><strong>quae</strong></span> <span class='ocrx_word' id='word_1_183' title='bbox 2091 2229 2353 2307; x_wconf 84' lang='lat' dir='ltr'><strong>impensa</strong></span> <span class='ocrx_word' id='word_1_184' title='bbox 2375 2231 2635 2291; x_wconf 76' lang='lat' dir='ltr'><strong>faeleuda</strong></span> 
     </span>
     <span class='ocr_line' id='line_1_20' title="bbox 649 2319 2634 2404; baseline 0.001 -18"><span class='ocrx_word' id='word_1_185' title='bbox 649 2339 753 2401; x_wconf 80' lang='lat' dir='ltr'><strong>est,</strong></span> <span class='ocrx_word' id='word_1_186' title='bbox 778 2330 840 2386; x_wconf 90' lang='lat' dir='ltr'><strong>in</strong></span> <span class='ocrx_word' id='word_1_187' title='bbox 866 2328 993 2404; x_wconf 83' lang='lat' dir='ltr'><strong>ejus</strong></span> <span class='ocrx_word' id='word_1_188' title='bbox 1036 2338 1257 2404; x_wconf 84' lang='lat' dir='ltr'><strong>partem</strong></span> <span class='ocrx_word' id='word_1_189' title='bbox 1283 2334 1342 2386; x_wconf 77' lang='lat' dir='ltr'><strong>te</strong></span> <span class='ocrx_word' id='word_1_190' title='bbox 1369 2329 1640 2386; x_wconf 82' lang='lat' dir='ltr'><strong>miseram</strong></span> <span class='ocrx_word' id='word_1_191' title='bbox 1669 2336 1728 2386; x_wconf 86' lang='lat' dir='ltr'><strong>et</strong></span> <span class='ocrx_word' id='word_1_192' title='bbox 1757 2319 2133 2404; x_wconf 78' lang='lat' dir='ltr'><strong>despoliatam</strong></span> <span class='ocrx_word' id='word_1_193' title='bbox 2163 2329 2382 2386; x_wconf 83' lang='lat' dir='ltr'><strong>venire.</strong></span> <span class='ocrx_word' id='word_1_194' title='bbox 2468 2319 2634 2403; x_wconf 79' lang='lat' dir='ltr'><strong>Quod</strong></span> 
     </span>
     <span class='ocr_line' id='line_1_21' title="bbox 571 2421 2633 2502; baseline -0.002 -14"><span class='ocrx_word' id='word_1_195' title='bbox 571 2427 701 2489; x_wconf 64' lang='lat' dir='ltr'><strong>noni</strong></span> <span class='ocrx_word' id='word_1_196' title='bbox 748 2426 1045 2484; x_wconf 81' lang='lat' dir='ltr'><strong>conficitur</strong></span> <span class='ocrx_word' id='word_1_197' title='bbox 1085 2425 1393 2502; x_wconf 81' lang='lat' dir='ltr'><strong>negotium,</strong></span> <span class='ocrx_word' id='word_1_198' title='bbox 1439 2423 1635 2482; x_wconf 88' lang='lat' dir='ltr'><strong>omnia</strong></span> <span class='ocrx_word' id='word_1_199' title='bbox 1676 2439 2127 2500; x_wconf 79' lang='lat' dir='ltr'><strong>consequemur3</strong></span> <span class='ocrx_word' id='word_1_200' title='bbox 2167 2426 2256 2482; x_wconf 88' lang='lat' dir='ltr'><strong>sin</strong></span> <span class='ocrx_word' id='word_1_201' title='bbox 2284 2421 2495 2483; x_wconf 88' lang='lat' dir='ltr'><strong>eadem</strong></span> <span class='ocrx_word' id='word_1_202' title='bbox 2534 2441 2633 2484; x_wconf 87' lang='lat' dir='ltr'><strong>nos</strong></span> 
     </span>
     <span class='ocr_line' id='line_1_22' title="bbox 648 2511 2634 2598; baseline -0.001 -18"><span class='ocrx_word' id='word_1_203' title='bbox 648 2523 876 2581; x_wconf 74' lang='lat' dir='ltr'><strong>ibt-tuna</strong></span> <span class='ocrx_word' id='word_1_204' title='bbox 942 2529 1184 2598; x_wconf 73' lang='lat' dir='ltr'><strong>premet,</strong></span> <span class='ocrx_word' id='word_1_205' title='bbox 1238 2521 1488 2578; x_wconf 80' lang='lat' dir='ltr'><strong>etiamne</strong></span> <span class='ocrx_word' id='word_1_206' title='bbox 1543 2521 1817 2595; x_wconf 78' lang='lat' dir='ltr'><strong>reliquias</strong></span> <span class='ocrx_word' id='word_1_207' title='bbox 1870 2525 2001 2579; x_wconf 83' lang='lat' dir='ltr'><strong>&#39;tuas</strong></span> <span class='ocrx_word' id='word_1_208' title='bbox 2055 2521 2269 2579; x_wconf 86' lang='lat' dir='ltr'><strong>misera</strong></span> <span class='ocrx_word' id='word_1_209' title='bbox 2324 2511 2634 2597; x_wconf 76' lang='lat' dir='ltr'><strong>projicies?</strong></span> 
     </span>
     <span class='ocr_line' id='line_1_23' title="bbox 651 2607 2635 2693; baseline -0.003 -14"><span class='ocrx_word' id='word_1_210' title='bbox 651 2618 906 2680; x_wconf 87' lang='lat' dir='ltr'><strong>Obsecro</strong></span> <span class='ocrx_word' id='word_1_211' title='bbox 931 2628 1007 2689; x_wconf 84' lang='lat' dir='ltr'><strong>te,</strong></span> <span class='ocrx_word' id='word_1_212' title='bbox 1033 2637 1165 2676; x_wconf 89' lang='lat' dir='ltr'><strong>mea</strong></span> <span class='ocrx_word' id='word_1_213' title='bbox 1192 2617 1328 2688; x_wconf 82' lang='lat' dir='ltr'><strong>vita,</strong></span> <span class='ocrx_word' id='word_1_214' title='bbox 1357 2616 1511 2692; x_wconf 84' lang='lat' dir='ltr'><strong>quod</strong></span> <span class='ocrx_word' id='word_1_215' title='bbox 1531 2617 1607 2674; x_wconf 88' lang='lat' dir='ltr'><strong>ad</strong></span> <span class='ocrx_word' id='word_1_216' title='bbox 1627 2629 1918 2693; x_wconf 87' lang='lat' dir='ltr'><strong>sumptum</strong></span> <span class='ocrx_word' id='word_1_217' title='bbox 1949 2618 2168 2687; x_wconf 82' lang='lat' dir='ltr'><strong>attinet,</strong></span> <span class='ocrx_word' id='word_1_218' title='bbox 2197 2618 2319 2676; x_wconf 87' lang='lat' dir='ltr'><strong>sine</strong></span> <span class='ocrx_word' id='word_1_219' title='bbox 2348 2618 2511 2688; x_wconf 86' lang='lat' dir='ltr'><strong>alios,</strong></span> <span class='ocrx_word' id='word_1_220' title='bbox 2537 2607 2635 2693; x_wconf 85' lang='lat' dir='ltr'><strong>qui</strong></span> 
     </span>
     <span class='ocr_line' id='line_1_24' title="bbox 649 2711 2636 2791; baseline -0.001 -18"><span class='ocrx_word' id='word_1_221' title='bbox 649 2723 902 2791; x_wconf 84' lang='lat' dir='ltr'><strong>possunt,</strong></span> <span class='ocrx_word' id='word_1_222' title='bbox 929 2714 977 2771; x_wconf 87' lang='lat' dir='ltr'><strong>si</strong></span> <span class='ocrx_word' id='word_1_223' title='bbox 1019 2713 1186 2771; x_wconf 89' lang='lat' dir='ltr'><strong>modo</strong></span> <span class='ocrx_word' id='word_1_224' title='bbox 1225 2713 1442 2784; x_wconf 84' lang='lat' dir='ltr'><strong>volunt,</strong></span> <span class='ocrx_word' id='word_1_225' title='bbox 1483 2711 1785 2785; x_wconf 87' lang='lat' dir='ltr'><strong>sustinere,</strong></span> <span class='ocrx_word' id='word_1_226' title='bbox 1815 2722 1873 2771; x_wconf 91' lang='lat' dir='ltr'><strong>et</strong></span> <span class='ocrx_word' id='word_1_227' title='bbox 1911 2713 2301 2771; x_wconf 79' lang='lat' dir='ltr'><strong>valetudinem</strong></span> <span class='ocrx_word' id='word_1_228' title='bbox 2342 2715 2515 2771; x_wconf 86' lang='lat' dir='ltr'><strong>istam</strong></span> <span class='ocrx_word' id='word_1_229' title='bbox 2554 2715 2636 2771; x_wconf 89' lang='lat' dir='ltr'><strong>in-</strong></span> 
     </span>
     <span class='ocr_line' id='line_1_25' title="bbox 649 2809 2635 2882; baseline 0 -13"><span class='ocrx_word' id='word_1_230' title='bbox 649 2812 893 2882; x_wconf 85' lang='lat' dir='ltr'><strong>firmam,</strong></span> <span class='ocrx_word' id='word_1_231' title='bbox 920 2810 969 2868; x_wconf 88' lang='lat' dir='ltr'><strong>si</strong></span> <span class='ocrx_word' id='word_1_232' title='bbox 995 2829 1087 2868; x_wconf 89' lang='lat' dir='ltr'><strong>me</strong></span> <span class='ocrx_word' id='word_1_233' title='bbox 1114 2829 1292 2881; x_wconf 86' lang='lat' dir='ltr'><strong>amas,</strong></span> <span class='ocrx_word' id='word_1_234' title='bbox 1320 2810 1438 2867; x_wconf 90' lang='lat' dir='ltr'><strong>noli</strong></span> <span class='ocrx_word' id='word_1_235' title='bbox 1467 2828 1706 2867; x_wconf 81' lang='lat' dir='ltr'><strong>vexare.</strong></span> <span class='ocrx_word' id='word_1_236' title='bbox 1789 2809 1945 2867; x_wconf 87' lang='lat' dir='ltr'><strong>Nam</strong></span> <span class='ocrx_word' id='word_1_237' title='bbox 1976 2810 2116 2867; x_wconf 87' lang='lat' dir='ltr'><strong>mihi</strong></span> <span class='ocrx_word' id='word_1_238' title='bbox 2145 2821 2278 2868; x_wconf 89' lang='lat' dir='ltr'><strong>ante</strong></span> <span class='ocrx_word' id='word_1_239' title='bbox 2300 2811 2496 2869; x_wconf 89' lang='lat' dir='ltr'><strong>oculos</strong></span> <span class='ocrx_word' id='word_1_240' title='bbox 2515 2812 2635 2869; x_wconf 77' lang='lat' dir='ltr'><strong>dIes</strong></span> 
     </span>
     <span class='ocr_line' id='line_1_26' title="bbox 571 2905 2637 2982; baseline -0.002 -15"><span class='ocrx_word' id='word_1_241' title='bbox 571 2921 637 2968; x_wconf 73' lang='lat'><strong>25</strong></span> <span class='ocrx_word' id='word_1_242' title='bbox 652 2916 961 2981; x_wconf 89' lang='lat' dir='ltr'><strong>noctesque</strong></span> <span class='ocrx_word' id='word_1_243' title='bbox 989 2907 1275 2964; x_wconf 79' lang='lat' dir='ltr'><strong>versaris:</strong></span> <span class='ocrx_word' id='word_1_244' title='bbox 1316 2924 1515 2964; x_wconf 88' lang='lat' dir='ltr'><strong>omnes</strong></span> <span class='ocrx_word' id='word_1_245' title='bbox 1557 2905 1780 2964; x_wconf 87' lang='lat' dir='ltr'><strong>labores</strong></span> <span class='ocrx_word' id='word_1_246' title='bbox 1808 2915 1866 2963; x_wconf 88' lang='lat' dir='ltr'><strong>te</strong></span> <span class='ocrx_word' id='word_1_247' title='bbox 1897 2905 2168 2982; x_wconf 84' lang='lat' dir='ltr'><strong>excipere</strong></span> <span class='ocrx_word' id='word_1_248' title='bbox 2197 2905 2407 2974; x_wconf 82' lang='lat' dir='ltr'><strong>vide03</strong></span> <span class='ocrx_word' id='word_1_249' title='bbox 2448 2907 2637 2976; x_wconf 89' lang='lat' dir='ltr'><strong>timeo,</strong></span> 
     </span>
     <span class='ocr_line' id='line_1_27' title="bbox 652 3000 2638 3077; baseline -0.001 -15"><span class='ocrx_word' id='word_1_250' title='bbox 652 3014 718 3063; x_wconf 88' lang='lat' dir='ltr'><strong>ut</strong></span> <span class='ocrx_word' id='word_1_251' title='bbox 742 3003 1038 3062; x_wconf 83' lang='lat' dir='ltr'><strong>sustineas.</strong></span> <span class='ocrx_word' id='word_1_252' title='bbox 1122 3001 1240 3062; x_wconf 81' lang='lat' dir='ltr'><strong>Sed</strong></span> <span class='ocrx_word' id='word_1_253' title='bbox 1267 3003 1482 3062; x_wconf 80' lang='lat' dir='ltr'><strong>video</strong></span> <span class='ocrx_word' id='word_1_254' title='bbox 1465 3021 1526 3061; x_wconf 89' lang='lat' dir='ltr'><strong>m</strong></span> <span class='ocrx_word' id='word_1_255' title='bbox 1548 3013 1608 3061; x_wconf 87' lang='lat' dir='ltr'><strong>te</strong></span> <span class='ocrx_word' id='word_1_256' title='bbox 1629 3019 1755 3062; x_wconf 83' lang='lat' dir='ltr'><strong>esse</strong></span> <span class='ocrx_word' id='word_1_257' title='bbox 1775 3003 1985 3062; x_wconf 76' lang='lat' dir='ltr'><strong>omnia.</strong></span> <span class='ocrx_word' id='word_1_258' title='bbox 2071 3000 2286 3075; x_wconf 83' lang='lat' dir='ltr'><strong>Quare,</strong></span> <span class='ocrx_word' id='word_1_259' title='bbox 2309 3013 2373 3059; x_wconf 88' lang='lat' dir='ltr'><strong>ut</strong></span> <span class='ocrx_word' id='word_1_260' title='bbox 2388 3002 2469 3073; x_wconf 85' lang='lat' dir='ltr'><strong>id,</strong></span> <span class='ocrx_word' id='word_1_261' title='bbox 2488 3001 2638 3077; x_wconf 86' lang='lat' dir='ltr'><strong>quod</strong></span> 
     </span>
     <span class='ocr_line' id='line_1_28' title="bbox 653 3098 2637 3210; baseline -0.002 -53"><span class='ocrx_word' id='word_1_262' title='bbox 653 3118 850 3176; x_wconf 81' lang='lat' dir='ltr'><strong>speras</strong></span> <span class='ocrx_word' id='word_1_263' title='bbox 891 3110 951 3157; x_wconf 81' lang='lat' dir='ltr'><strong>et</strong></span> <span class='ocrx_word' id='word_1_264' title='bbox 981 3099 1133 3190; x_wconf 86' lang='lat' dir='ltr'><strong>quod</strong></span> <span class='ocrx_word' id='word_1_265' title='bbox 1171 3102 1312 3176; x_wconf 87' lang='lat' dir='ltr'><strong>agis,</strong></span> <span class='ocrx_word' id='word_1_266' title='bbox 1334 3119 1771 3210; x_wconf 80' lang='lat' dir='ltr'><strong>consequamur,</strong></span> <span class='ocrx_word' id='word_1_267' title='bbox 1797 3098 1950 3156; x_wconf 81' lang='lat' dir='ltr'><strong>servi</strong></span> <span class='ocrx_word' id='word_1_268' title='bbox 1981 3098 2313 3156; x_wconf 84' lang='lat' dir='ltr'><strong>valetudini.</strong></span> <span class='ocrx_word' id='word_1_269' title='bbox 2398 3098 2453 3153; x_wconf 81' lang='lat'><strong>4.</strong></span> <span class='ocrx_word' id='word_1_270' title='bbox 2492 3098 2637 3174; x_wconf 82' lang='lat' dir='ltr'><strong>Ego,</strong></span> 
     </span>
     <span class='ocr_line' id='line_1_29' title="bbox 652 3189 2638 3269; baseline -0.001 -17"><span class='ocrx_word' id='word_1_271' title='bbox 652 3196 730 3252; x_wconf 87' lang='lat' dir='ltr'><strong>ad</strong></span> <span class='ocrx_word' id='word_1_272' title='bbox 768 3209 909 3269; x_wconf 83' lang='lat' dir='ltr'><strong>quos</strong></span> <span class='ocrx_word' id='word_1_273' title='bbox 950 3195 1219 3266; x_wconf 78' lang='lat' dir='ltr'><strong>scribam,</strong></span> <span class='ocrx_word' id='word_1_274' title='bbox 1245 3196 1455 3264; x_wconf 76' lang='lat' dir='ltr'><strong>neseiO,</strong></span> <span class='ocrx_word' id='word_1_275' title='bbox 1484 3196 1594 3253; x_wconf 87' lang='lat' dir='ltr'><strong>nisi</strong></span> <span class='ocrx_word' id='word_1_276' title='bbox 1622 3195 1696 3253; x_wconf 89' lang='lat' dir='ltr'><strong>ad</strong></span> <span class='ocrx_word' id='word_1_277' title='bbox 1724 3211 1838 3265; x_wconf 78' lang='lat' dir='ltr'><strong>eoS,</strong></span> <span class='ocrx_word' id='word_1_278' title='bbox 1865 3193 1964 3268; x_wconf 87' lang='lat' dir='ltr'><strong>qui</strong></span> <span class='ocrx_word' id='word_1_279' title='bbox 2004 3189 2080 3250; x_wconf 87' lang='lat' dir='ltr'><strong>ad</strong></span> <span class='ocrx_word' id='word_1_280' title='bbox 2119 3211 2213 3250; x_wconf 92' lang='lat' dir='ltr'><strong>me</strong></span> <span class='ocrx_word' id='word_1_281' title='bbox 2242 3193 2517 3263; x_wconf 85' lang='lat' dir='ltr'><strong>scribunt,</strong></span> <span class='ocrx_word' id='word_1_282' title='bbox 2541 3201 2638 3250; x_wconf 86' lang='lat' dir='ltr'><strong>aut</strong></span> 
     </span>
     <span class='ocr_line' id='line_1_30' title="bbox 653 3288 2639 3367; baseline -0.003 -17"><span class='ocrx_word' id='word_1_283' title='bbox 653 3291 729 3350; x_wconf 85' lang='lat' dir='ltr'><strong>ad</strong></span> <span class='ocrx_word' id='word_1_284' title='bbox 767 3310 882 3363; x_wconf 86' lang='lat' dir='ltr'><strong>eos,</strong></span> <span class='ocrx_word' id='word_1_285' title='bbox 909 3292 983 3349; x_wconf 86' lang='lat' dir='ltr'><strong>de</strong></span> <span class='ocrx_word' id='word_1_286' title='bbox 1009 3292 1217 3367; x_wconf 88' lang='lat' dir='ltr'><strong>quibus</strong></span> <span class='ocrx_word' id='word_1_287' title='bbox 1243 3292 1317 3351; x_wconf 79' lang='lat' dir='ltr'><strong>ad</strong></span> <span class='ocrx_word' id='word_1_288' title='bbox 1345 3311 1440 3351; x_wconf 90' lang='lat' dir='ltr'><strong>me</strong></span> <span class='ocrx_word' id='word_1_289' title='bbox 1468 3312 1571 3351; x_wconf 82' lang='lat' dir='ltr'><strong>vos</strong></span> <span class='ocrx_word' id='word_1_290' title='bbox 1596 3292 1818 3367; x_wconf 83' lang='lat' dir='ltr'><strong>aliquid</strong></span> <span class='ocrx_word' id='word_1_291' title='bbox 1846 3290 2111 3349; x_wconf 75' lang='lat' dir='ltr'><strong>scribitis.</strong></span> <span class='ocrx_word' id='word_1_292' title='bbox 2197 3288 2475 3364; x_wconf 80' lang='lat' dir='ltr'><strong>Longius,</strong></span> <span class='ocrx_word' id='word_1_293' title='bbox 2500 3308 2639 3365; x_wconf 88' lang='lat' dir='ltr'><strong>quo-</strong></span> 
     </span>
    </p>
   </div>
   <div class='ocr_carea' id='block_1_3' title="bbox 576 3385 2638 3435">
    <p class='ocr_par' dir='ltr' id='par_1_3' title="bbox 576 3385 2638 3435">
     <span class='ocr_line' id='line_1_31' title="bbox 576 3385 2638 3435; baseline 0 0"><span class='ocrx_word' id='word_1_294' title='bbox 576 3388 809 3435; x_wconf 72' lang='lat' dir='ltr'><strong>nnninm</strong></span> <span class='ocrx_word' id='word_1_295' title='bbox 852 3388 935 3435; x_wconf 74' lang='lat' dir='ltr'><strong>im</strong></span> <span class='ocrx_word' id='word_1_296' title='bbox 973 3388 1136 3435; x_wconf 71' lang='lat' dir='ltr'><strong>vobin</strong></span> <span class='ocrx_word' id='word_1_297' title='bbox 1176 3389 1378 3435; x_wconf 65' lang='lat' dir='ltr'><strong>nlnnat-</strong></span> <span class='ocrx_word' id='word_1_298' title='bbox 1424 3407 1537 3435; x_wconf 83' lang='lat' dir='ltr'><strong>nnn</strong></span> <span class='ocrx_word' id='word_1_299' title='bbox 1582 3389 1866 3435; x_wconf 64' lang='lat' dir='ltr'><strong>dicandam</strong></span> <span class='ocrx_word' id='word_1_300' title='bbox 1891 3409 1906 3435; x_wconf 72' lang='grc' dir='ltr'><em>ε</em></span> <span class='ocrx_word' id='word_1_301' title='bbox 1947 3386 2047 3435; x_wconf 64' lang='lat' dir='ltr'><strong>aad</strong></span> <span class='ocrx_word' id='word_1_302' title='bbox 2096 3385 2271 3435; x_wconf 74' lang='lat' dir='ltr'><strong>velim</strong></span> <span class='ocrx_word' id='word_1_303' title='bbox 2303 3401 2478 3435; x_wconf 75' lang='lat' dir='ltr'><strong>utinm</strong></span> <span class='ocrx_word' id='word_1_304' title='bbox 2521 3404 2638 3435; x_wconf 70' lang='lat' dir='ltr'><strong>ane-</strong></span> 
     </span>
    </p>
   </div>
   <div class='ocr_carea' id='block_1_4' title="bbox 2845 554 2856 2272">
    <p class='ocr_par' dir='ltr' id='par_1_4' title="bbox 2845 554 2856 2272">
     <span class='ocr_line' id='line_1_32' title="bbox 2845 554 2856 2272; baseline 0 0"><span class='ocrx_word' id='word_1_305' title='bbox 2845 554 2856 2272; x_wconf 95' lang='lat' dir='ltr'><strong> </strong></span> 
     </span>
    </p>
   </div>
   <div class='ocr_carea' id='block_1_5' title="bbox 2847 2653 2854 3434">
    <p class='ocr_par' dir='ltr' id='par_1_5' title="bbox 2847 2653 2854 3434">
     <span class='ocr_line' id='line_1_33' title="bbox 2847 2653 2854 3434; baseline 0 0"><span class='ocrx_word' id='word_1_306' title='bbox 2847 2653 2854 3434; x_wconf 95' lang='lat' dir='ltr'><strong> </strong></span> 
     </span>
    </p>
   </div>
  </div>
 </body>
</html>
