2885 3782
603 433 729 494 828·
1509 444 1747 489 omno

684 627 816 668 cum
855 608 1174 685 aliquorum
1215 604 1493 684 querela?
1534 624 1705 682 quem
1739 605 1890 681 jure,
1916 622 2089 681 quem
2126 603 2269 674 loeo,
2296 621 2469 679 quem
2510 612 2657 663 ten·

683 725 838 784 pore,
868 724 1039 781 quem
1069 706 1301 780 impune
1341 722 1456 761 non
1498 715 1586 786 est
1626 719 1815 773 ausus,
1844 703 1995 759 hunc
2034 700 2256 776 injuria,
2284 701 2484 776 iniquo
2513 702 2655 770 loeo,

681 804 869 861 alieno
897 814 1167 877 tempore,
1196 801 1452 878 periculo
1481 799 1683 876 eapitis
1712 817 1826 856 non
1854 799 2135 856 dubitavit
2159 798 2427 855 occidere
2447 796 2476 854 ?
2554 799 2653 855 42.

684 900 1035 978 praesertim,
1070 898 1313 973 judiees,
1354 915 1535 974 quum
1582 894 1832 954 ¹honoris
1880 895 2209 972 amplissimi
2258 893 2551 952 eontentio
2590 903 2655 952 et

615 1001 810 1061 'odies
851 998 1206 1057 comitiorum
1249 998 1544 1063 subesset3
1585 1014 1699 1072 quo
1738 994 1968 1070 quidem
2009 1005 2265 1068 tempore
2310 992 2460 1068 (scio
2484 993 2657 1062 enini,

683 1119 858 1176 quam
886 1098 1085 1155 timida
1110 1098 1185 1154 sit
1211 1096 1447 1156 ambitio
1476 1104 1804 1171 quantaque
1837 1106 1895 1153 et
1921 1111 2092 1170 quam
2128 1092 2373 1149 sollicita
2401 1094 2479 1149 nit
2502 1092 2653 1166 cupi·

683 1198 828 1254 ditas
871 1194 1244 1272 consulatus),
1273 1196 1465 1252 omnia
1504 1209 1617 1252 non
1659 1193 1844 1264 modo,
1872 1210 2017 1268 quae
2058 1192 2403 1267 reprehendi
2448 1191 2648 1266 pahm,

684 1293 784 1351 sed
812 1292 986 1350 etiam
1016 1311 1162 1367 quae
1204 1294 1442 1349 obscure
1482 1290 1717 1367 cogitari
1758 1301 2008 1367 possunt,
2037 1290 2323 1360 timemus,
2348 1303 2648 1359 rumorum,

684 1389 935 1447 fabulam
984 1390 1192 1458 fictam,
1238 1389 1424 1446 levem
1474 1389 1972 1464 perhorrescimuS,
2014 1403 2115 1445 ora
2169 1389 2433 1444 omnium
2484 1395 2648 1462 atque

607 1495 669 1545 10
686 1485 878 1543 oculos
921 1486 1222 1542 intuemur.
1305 1484 1470 1542 Nihil
1511 1493 1597 1542 est
1637 1484 1792 1542 enim
1832 1492 1947 1542 tam
1985 1484 2172 1555 molle,
2206 1493 2332 1540 tam
2382 1495 2648 1553 tenerum,

683 1589 801 1639 tam
831 1591 933 1639 aut
958 1581 1160 1657 fragile
1203 1592 1302 1639 aut
1341 1581 1595 1639 flexibile
1638 1600 1809 1657 quam
1841 1582 2103 1639 voluntas
2129 1583 2275 1657 erga
2302 1599 2409 1639 nos
2437 1597 2650 1638 sensu&

619 1753 638 1764 ³
684 1697 797 1754 que
826 1679 1053 1748 civium,
1084 1680 1326 1753 quinon
1367 1677 1538 1737 modo
1578 1679 1927 1755 improbitati
1969 1679 2299 1736 irascuntur
2337 1678 2650 1736 candidalo-

683 1789 830 1846 rum,
872 1775 972 1830 sed
1015 1776 1187 1832 etiam
1228 1773 1288 1831 in
1328 1757 1486 1832 recte
1528 1775 1692 1832 factis
1732 1787 1904 1851 saepe
1944 1774 2258 1832 fastidiunt.
2346 1775 2447 1832 43.
2492 1773 2650 1831 Hune

685 1869 860 1947 igitur
899 1870 1049 1928 diem
1091 1870 1277 1947 campi
1319 1879 1612 1947 speratum
1639 1883 1813 1948 atque
1839 1879 2171 1948 exoptatum
2199 1867 2310 1929 sibi
2340 1887 2652 1948 proponam

609 1972 670 2029 ¹5
687 1968 850 2039 Milo,
891 1969 1141 2026 cruentis
1183 1970 1461 2039 manibuS‚
1502 1968 1686 2027 scelus
1727 1976 1785 2026 et
1823 1967 2042 2027 facinus
2082 1984 2222 2044 prae
2263 1986 2331 2026 se
2374 1970 2571 2027 ferens
2604 1977 2655 2025 et

684 2064 957 2122 confitens
1010 2061 1106 2121 2ῑιᾱ
1159 2063 1284 2121 illa'
1310 2073 1553 2140 augusta
1605 2065 1994 2122 centuriarum
2041 2066 2301 2139 auspicia
2349 2060 2656 2123 veniebat?

688 2158 879 2233 Quam
919 2160 1028 2218 hoc
1069 2179 1180 2217 non
1223 2159 1494 2218 credibile
1538 2160 1594 2237 in
1635 2158 1776 2219 hoc!
1817 2176 1988 2236 quam
2028 2160 2181 2217 idem
2224 2162 2286 2217 in
2320 2160 2533 2221 Clodio
2556 2178 2656 2218 non

684 2252 1077 2327 dubitandum,
1119 2255 1217 2331 qui
1260 2273 1322 2312 se
1370 2254 1673 2314 interfecto
1715 2254 1937 2313 Milone
1978 2266 2357 2331 regnaturum
2402 2252 2658 2333 putaretl

690 2349 889 2424 Quid?
926 2347 1101 2426 ⁸quod
1130 2360 1300 2427 caput
1327 2364 1414 2409 est
1454 2352 1747 2424 audaciae,
1767 2350 2008 2427 judiceS,
2035 2352 2163 2427 quis
2204 2352 2459 2429 ignorat,
2485 2354 2658 2411 maxi-

608 2456 672 2508 20
688 2467 841 2505 mam
881 2448 1207 2506 illecebram
1250 2466 1376 2505 esse
1416 2446 1693 2524 peccandi
1730 2449 2082 2524 impunitatis
2122 2466 2288 2523 spem
2311 2447 2341 2504 Ρ
2424 2449 2499 2507 In
2542 2462 2660 2508 uun

687 2543 860 2620 igitur
885 2545 1026 2601 haec
1051 2542 1203 2600 fuit?
1244 2543 1304 2600 in
1334 2543 1574 2615 Milone,
1603 2543 1703 2620 qui
1729 2544 1903 2602 etiam
1928 2562 2080 2601 nunc
2104 2563 2242 2600 reus
2270 2555 2363 2602 est
2400 2545 2542 2603 facti
2569 2553 2662 2603 aut

683 2637 986 2715 *praeclari
1026 2648 1129 2696 aut
1168 2648 1323 2697 certe
1365 2640 1686 2710 necessarii,
1713 2658 1790 2697 an
1832 2640 1891 2696 in
1934 2636 2148 2707 Clodio,
2178 2640 2281 2714 qui
2324 2642 2415 2698 ita
2446 2641 2662 2716 judicia

688 2752 1041 2811 poenamque
1082 2742 1517 2811 contempserat,
1546 2744 1612 2792 ut
1651 2750 1784 2793 eum
1822 2734 1969 2791 nihil
2006 2734 2340 2806 delectaret,
2369 2738 2528 2812 quod
2566 2746 2662 2796 aut

688 2851 791 2908 per
817 2841 1079 2888 naturam
1119 2830 1203 2888 fas
1244 2840 1391 2887 esset
1431 2841 1531 2888 aut
1570 2849 1678 2907 per
1714 2830 1869 2906 leges
1908 2828 2151 2888 liceret?
2235 2832 2332 2888 44.
2382 2832 2503 2891 Sed
2530 2832 2659 2908 quid

608 2936 671 2988 25
689 2947 795 3005 ego
822 2925 1231 3004 argumentor?
1272 2927 1409 3001 quid
1436 2927 1605 3003 plura
1630 2924 1899 3003 disputo?
1979 2925 2067 2983 Te
2098 2925 2171 3000 Q.
2196 2926 2399 2997 Petili,
2420 2926 2659 3005 appello,

687 3025 967 3101 optimum
1008 3034 1068 3082 et
1115 3023 1485 3081 fortissimum
1526 3024 1750 3091 civem3
1796 3032 1872 3094 te,
1912 3023 2000 3081 M.
2047 3022 2213 3095 Cato,
2254 3034 2478 3091 testor3
2525 3042 2657 3101 quoe

686 3120 827 3178 mihi
855 3120 1047 3179 divina
1076 3121 1353 3196 quaedam
1383 3140 1506 3178 sors
1526 3119 1683 3178 dedit
1700 3118 1942 3196 judices,
2025 3119 2147 3178 Vos
2175 3138 2255 3178 ex
2280 3120 2372 3179 M.
2404 3121 2656 3180 Favonio

687 3216 942 3286 audisne,
975 3215 1237 3275 Clodium
1266 3217 1372 3274 sibi
1399 3217 1632 3287 dixisse,
1658 3224 1721 3273 et
1758 3217 1993 3276 audistis
2010 3217 2172 3274 ‘vivo
2204 3216 2430 3285 Clodio,
2456 3219 2657 3295 peritu-

651 3298 814 3369 'rum
858 3310 1140 3370 Milonem
1180 3312 1384 3369 triduo·
1486 3311 1632 3370 Post
1697 3312 1850 3369 diem
1901 3313 2136 3370 tertium
2190 3325 2363 3388 gesta
2417 3332 2510 3372 res
2562 3322 2656 3381 es

608 3402 862 3482 coquam
903 3409 1145 3466 dixerat·
1232 3407 1424 3482 Quum
1464 3409 1563 3466 ille
1602 3426 1719 3466 non
1758 3409 2036 3466 dubitarit
2073 3410 2324 3484 aperire,
2352 3411 2493 3486 quid
2519 3411 2657 3486 cogi*-

689 3512 850 3573 taret,
879 3525 980 3562 vos
1008 3505 1242 3581 potestis
1269 3504 1548 3575 dubitare,
1578 3504 1715 3579 quid
1740 3502 1990 3562 fecerit?

767 3598 974 3657 XVII.
1059 3602 1153 3658 45.
1194 3597 1711 3674 ¹Quemadmodum
1740 3598 1916 3675 igitur
1943 3614 2075 3657 eum
2102 3600 2229 3658 dies
2266 3619 2384 3659 non
2422 3596 2657 3660 fefellit?

687 3690 856 3751 'Dixi
897 3697 1163 3770 equidem
1203 3696 1388 3753 modo.
1492 3695 1803 3754 Dictatoris
1845 3694 2136 3753 Lanuvini
2185 3706 2343 3755 stata
2388 3695 2657 3755 sacrifici»
