2885 3782
650 413 777 458 rao
818 415 874 457 r.
913 414 1117 459 Amo
1157 413 1426 473 urtone,
1468 414 1611 459 ou».
1648 415 1841 459 xxm.
2145 399 2288 460 &3-

228 574 398 633 necis.
466 574 584 635 Hic
611 593 750 635 vero
775 575 919 634 nihil
946 577 1123 635 habet
1145 577 1208 634 in
1235 576 1327 635 his
1353 574 1535 647 malis,
1554 576 1707 652 quod
1731 574 1920 634 minus
1944 574 2184 634 moleste

228 669 387 741 ferat,
416 689 606 746 quam,
632 671 853 730 etiamsi
894 674 1034 748 quid
1073 673 1182 749 ipsi
1221 672 1456 742 accidat,
1480 689 1609 730 esse
1649 682 1842 730 tamen
1879 671 1991 729 illis
2015 672 2191 730 meri·

226 776 346 824 tum
392 770 711 844 praemium
764 770 1135 845 persolutum.
1233 769 1330 826 69.
1389 766 1509 827 Sed
1553 763 1932 843 'quaestiones
1979 775 2189 844 urgent

224 863 519 930 Milonem,
540 882 688 940 quae
728 875 863 923 sunt
902 866 1130 924 habitae
1167 883 1324 923 nunc
1359 865 1420 922 in
1456 866 1603 923 atn‘o
1631 864 1961 923 Libertatis.
2043 863 2187 937 Qui·

222 959 459 1018 bosnam
495 960 569 1018 de
609 959 839 1019 servis?
922 959 1163 1037 Rogas?
1201 960 1275 1018 de
1306 960 1377 1017 P.
1408 957 1612 1019 Clodii.
1696 958 1966 1033 Quiseos
1994 970 2187 1034 postu·
2230 971 2264 1019 5

221 1052 410 1111 lavit?
487 1052 754 1131 ‘Appius
855 1054 1001 1129 Quis
1043 1052 1357 1132 produxit?
1405 1081 1410 1090 θ
1450 1054 1696 1131 Appius.
1795 1053 2006 1114 Unde?
2084 1054 2185 1112 Ab

219 1149 431 1226 Appio.
515 1150 615 1207 Dii
663 1149 829 1209 boni!
887 1148 1049 1227 ¹’quid
1094 1158 1283 1227 potest
1325 1150 1421 1227 agi
1469 1148 1764 1209 severius?
1865 1150 1960 1207 De
2003 1149 2185 1208 servis

217 1246 377 1303 nulla
416 1246 544 1322 lege
585 1247 843 1321 quaestio
881 1255 972 1304 est
1009 1246 1070 1304 in
1110 1246 1418 1317 dominum,
1445 1245 1557 1303 nisi
1596 1246 1668 1304 de
1709 1245 1947 1316 incestu,
1971 1253 2039 1303 ut
2075 1244 2185 1302 fuit

218 1340 276 1396 in
309 1339 589 1399 Clodium.
669 1337 992 1399 ¹⁰Proxime
1023 1341 1159 1400 deos
1197 1342 1434 1400 aoceaeit
1465 1339 1713 1412 Clodius,
1739 1341 1973 1417 propius
2009 1351 2183 1415 quam

213 1444 358 1506 tum,
383 1453 562 1512 quum
600 1437 674 1496 ad
714 1438 867 1513 ipsos
905 1443 1252 1513 penetrarat,
1278 1435 1441 1511 cujus
1467 1437 1542 1494 de
1567 1446 1751 1495 morte
1789 1446 2080 1510 tamquam
2105 1435 2179 1492 de
2199 1446 2263 1495 lo

214 1533 578 1591 caerimoniis
617 1533 843 1591 violatis
885 1534 1197 1608 quaeritur.
1285 1529 1451 1592 uSed
1490 1542 1683 1591 tamen
1722 1530 1966 1606 majores
2004 1530 2184 1589 nostri

213 1628 276 1684 in
304 1628 595 1685 dominum
623 1629 696 1686 de
737 1646 906 1686 servo
932 1628 1130 1703 quaeri
1170 1627 1493 1698 noluerunt,
1521 1646 1634 1686 non
1660 1628 1800 1703 quia
1836 1645 1950 1684 non
1989 1634 2186 1702 posset

211 1737 418 1782 verum
447 1723 711 1796 inveniri,
736 1724 839 1782 sed
863 1724 1001 1799 quia
1027 1724 1331 1781 videbatur
1357 1724 1655 1799 indignum
1680 1732 1740 1781 et
1765 1721 1977 1782 domini
1998 1730 2182 1780 morto

208 1819 341 1896 ipsa
366 1819 599 1876 tristius·
679 1819 750 1876 In
779 1837 945 1877 reum
980 1819 1262 1893 deservo
1298 1820 1645 1878 accusatoris
1668 1836 1846 1895 quum
1868 1819 2185 1895 quaeritur,

209 1930 421 1973 verum
449 1916 692 1974 inveniri
721 1915 948 1992 potest?
1032 1915 1123 1973 60.
1164 1915 1298 1992 Age
1325 1932 1482 1986 vero,
1506 1934 1657 1991 quae
1693 1924 1819 1974 erat
1852 1926 1955 1973 aut
1993 1914 2180 1989 qualis
2198 1927 2263 1975 1⁶

210 2009 516 2086 quaestio?
597 2010 764 2068 Heus
790 2020 871 2081 tu,
897 2008 1128 2081 Bausta,
1156 2010 1316 2069 verbi
1353 2028 1542 2081 eausa,
1569 2028 1711 2069 cave
1739 2006 1859 2069 ¹'sis
1884 2011 2179 2068 mentiare.

212 2105 452 2165 Clodius
488 2105 717 2165 insidias
757 2106 890 2164 fecit
912 2104 1161 2163 Miloni?
1242 2105 1423 2163 Fecit.
1508 2103 1686 2165 Certa
1729 2124 1891 2164 crux.
1972 2104 2183 2165 Nullas

207 2200 366 2260 fecit.
453 2200 696 2277 Sperata
724 2203 972 2260 libertas.
1053 2199 1209 2275 Quid
1237 2201 1347 2260 hac
1371 2200 1706 2276 quaestione
1734 2201 1943 2258 certius
1962 2199 2007 2285 ἲ.
2070 2198 2185 2260 Su·

207 2298 332 2355 bito
357 2298 580 2373 abrepti
621 2298 681 2354 in
722 2299 1115 2371 quaestionem
1156 2305 1348 2355 tamen
1372 2305 1713 2372 separantur
1737 2315 1776 2355 a
1800 2296 2004 2354 ceteris
2029 2303 2092 2354 et
2116 2296 2178 2354 in

206 2411 376 2453 arcas
399 2392 793 2468 conjiciuntur,
821 2412 894 2452 ne
933 2395 1062 2469 quis
1100 2411 1232 2452 cum
1271 2394 1340 2451 iis
1380 2391 1626 2468 colloqui
1667 2393 1856 2468 possit.
1939 2392 2022 2449 Hi
2048 2404 2269 2453 cen-zm

206 2499 335 2548 tum
361 2490 484 2547 dies
525 2508 701 2565 penes
740 2500 1128 2548 accusatorem
1164 2508 1344 2565 quum
1386 2488 1642 2560 fuissent,
1668 2489 1744 2548 ab
1770 2508 1840 2548 eo
1864 2489 1991 2564 ipso
2015 2507 2185 2547 aecn-

206 2597 400 2645 satore
439 2586 697 2662 producti
736 2596 886 2643 sunt.
971 2585 1128 2660 Quid
1165 2586 1277 2645 hac
1315 2586 1648 2662 quaestione
1675 2586 1785 2644 dici
1826 2594 2012 2662 potest
2037 2587 2187 2644 inte-

209 2680 421 2758 grius?
462 2681 596 2756 quid
624 2680 1050 2757 incorruptius?

291 2776 540 2835 XXIII.
624 2780 717 2835 61.
779 2776 947 2850 Quod
989 2778 1037 2835 si
1077 2778 1329 2836 nondum
1377 2779 1517 2837 satis
1564 2778 1810 2849 cernitis,
1860 2796 2038 2855 quum
2083 2796 2181 2837 res

207 2875 346 2951 ipsa
367 2883 452 2931 tot
479 2883 597 2932 tam
635 2873 807 2933 claris
847 2874 1202 2951 argumentis
1241 2874 1530 2951 signisque
1571 2876 1776 2945 luceat„
1805 2864 1949 2952 pura
1988 2884 2263 2935 mentem

208 2978 389 3045 atque
430 2970 654 3046 integra
691 2969 990 3039 Milonem,
1037 2969 1195 3027 nullo
1236 2970 1452 3029 scelere
1490 2971 1787 3041 imbutum,
1826 2971 1983 3029 nullo
2018 2980 2178 3035 metu

210 3065 594 3142 perterritum,
615 3065 776 3123 nulla
800 3065 1143 3125 conscientia
1167 3066 1559 3124 exanimatum
1585 3066 1826 3125 Romam
1855 3068 2180 3138 revertisse,

208 3160 604 3227 recordamini,
635 3178 742 3236 per
764 3162 900 3220 deos
926 3159 1306 3218 immortales!
1355 3158 1527 3235 ¹quae
1554 3161 1723 3221 fuerit
1748 3161 2009 3225 celeritas
2033 3162 2183 3221 redi-

209 3263 307 3314 tus
336 3253 475 3330 ejus,
503 3256 602 3329 qui
641 3256 931 3331 ingressus
970 3255 1033 3312 in
1072 3253 1277 3324 forum,
1304 3257 1542 3314 ardente
1570 3257 1745 3327 ouria,
1772 3272 1921 3331 quae
1962 3256 2181 3333 magni-

209 3351 350 3409 tudo
389 3350 582 3421 animi,
608 3350 706 3425 qui
746 3353 957 3421 vultus,
983 3368 1134 3425 quae
1174 3350 1396 3408 oratio.'
1453 3349 1663 3427 Neque
1703 3370 1841 3410 vero
1879 3370 1942 3409 se
1971 3351 2263 3430 populo„

210 3447 415 3515 solum,
445 3445 548 3502 sed
574 3446 746 3503 etiam
787 3445 1011 3507 senatui
1050 3443 1346 3516 commisit,
1372 3462 1562 3521 neque
1601 3446 1824 3506 senatui
1864 3450 2053 3521 modo,
2082 3446 2184 3506 sed

209 3542 383 3578 utinm
430 3539 666 3578 nul-dini:-
707 3540 1005 3578 ηκοοαῖλῖἶο
1046 3550 1105 3578 ΔΙ·
1148 3539 1319 3578 onage
1364 3559 1555 3578 mna
1595 3540 1681 3578 Bia
1706 3550 1927 3578 kanb-vm
1977 3559 2185 3578 ”nm-nm
