2885 3782
617 338 733 401 298
1273 352 1629 398 trinomia
1670 352 2032 399 cmmoms.

693 516 938 591 demque
979 526 1054 587 te,
1080 516 1181 592 qui
1221 516 1420 592 primis
1462 517 1810 592 temporibus
1848 513 2082 575 ‘erroris
2120 517 2302 574 nostri
2339 525 2444 575 aut
2482 518 2677 594 potius

692 611 900 670 suroris
929 612 1212 687 particeps
1238 620 1299 670 et
1327 612 1460 669 falsi
1482 609 1705 673 timoris
1730 611 2167 683 sociusfuisses,
2194 613 2563 672 acerbissime
2588 614 2669 672 di-

694 708 930 767 scidium
970 717 1228 764 nostrum
1255 707 1469 780 tulisse,
1495 707 1921 783 plurimumque
1957 726 2185 785 operae,
2211 708 2403 779 studii,
2429 708 2674 787 diligen·

691 806 822 876 tiae,
861 798 1073 863 laboris
1112 804 1189 863 ad
1228 802 1642 863 conficiendum
1682 796 1929 863 reditum
1968 818 2164 864 meum
2204 804 2532 865 eontulisse-
2617 807 2674 864 2.

639 916 671 962 5
691 884 1031 978 Itaque‘hoe
1056 890 1160 958 tibi
1187 918 1324 961 vere
1352 894 1678 973 affirmo,‘in
1704 900 1960 959 maxima
1997 898 2221 960 laetitia
2258 912 2317 960 et
2357 901 2676 978 exoptatis-

691 997 835 1056 sima
872 988 1251 1073 gratulatione
1291 1015 1471 1054 unum
1497 997 1574 1053 ad
1613 992 2020 1055 cumulandum
2048 994 2379 1074 'gaudium‘
2403 1008 2676 1075 eonspec-

687 1104 810 1152 tum
850 1102 951 1151 aut
989 1093 1176 1171 potius
1217 1092 1581 1169 complexum
1621 1086 1762 1151 mihi
1802 1098 1963 1151 tuum
2000 1088 2266 1167 defuisse,
2293 1106 2466 1170 quem
2490 1094 2679 1153 semd

687 1199 884 1247 nactus
911 1206 1205 1271 nunquam
1232 1184 1542 1256 dimisero;
1580 1204 1665 1260 ac,
1691 1186 1802 1247 nisi
1830 1182 2003 1248 etlam
2043 1190 2479 1266 praetermissos
2518 1188 2676 1248 stne·-

685 1296 778 1342 tus
805 1293 938 1342 tuae
959 1278 1255 1341 suavitatis
1276 1284 1568 1360 praeteriti
1586 1284 1859 1360 temporis
1880 1298 2079 1344 omnes
2098 1278 2390 1361 ‘exegero‚
2412 1285 2677 1363 profecto

611 1381 796 1439 lohae
834 1362 1190 1438 restitutione
1231 1376 1494 1437 fortunae
1521 1398 1616 1437 me
1642 1368 1765 1457 ipse
1794 1394 1906 1439 non
1936 1376 2072 1439 satis
2101 1376 2343 1458 dignum
2377 1380 2671 1457 judicabo.

684 1462 741 1531 3.
782 1466 906 1532 Nos
933 1469 1121 1532 adhuc
1141 1473 1200 1533 in
1216 1478 1410 1532 nostro
1430 1482 1600 1546 statu,
1622 1476 1775 1550 quod
1796 1470 2125 1534 difficillime
2146 1477 2481 1553 recuperari
2504 1490 2673 1553 posse

683 1564 945 1629 arbitrati
993 1590 1205 1643 sumuS,
1246 1570 1610 1647 splendorem
1660 1576 1918 1631 nostrum
1963 1564 2124 1629 illum
2172 1570 2463 1631 forensem
2511 1582 2572 1631 et
2606 1573 2670 1631 in

684 1678 885 1725 senatu
912 1666 1311 1725 auctoritatem
1340 1676 1399 1725 et
1425 1664 1582 1744 apud
1608 1664 1763 1726 viros
1790 1666 1966 1728 bonos
1993 1664 2241 1745 gmiam
2268 1669 2470 1745 magis,
2491 1678 2667 1745 qnam

681 1773 1009 1839 optaramus
1052 1762 1337 1821 eonsecuti
1389 1780 1604 1821 sumus.
1684 1758 1759 1821 In
1812 1778 1878 1822 re
1932 1772 2124 1822 autem
2180 1758 2469 1835 familiari,
2517 1776 2670 1839 quae

606 1871 668 1920 15
683 1856 1162 1935 quemadmodum
1190 1848 1708 1936 fmctm'dissipata,
1732 1850 1958 1936 direpta
1983 1856 2073 1933 sit,
2093 1874 2209 1919 non
2227 1858 2475 1937 ignoras,
2495 1859 2669 1921 valde

681 1951 1025 2027 laboramus„
1052 1964 1394 2029 tuarumque
1422 1969 1536 2012 non
1568 1963 1685 2013 tam
1724 1947 2097 2029 'facultatum
2125 1971 2267 2032 quas
2306 1971 2415 2033 ego
2442 1967 2666 2016 nostras

679 2071 806 2111 esse
831 2051 1047 2128 judico,
1073 2069 1246 2126 quam
1273 2041 1640 2109 consiliorum
1666 2043 1740 2109 ad
1769 2043 2117 2127 colligendas
2145 2055 2204 2109 et
2237 2051 2677 2111 constituendas·

677 2141 951 2224 reliquias
978 2154 1199 2204 nostras
1227 2141 1565 2223 indigemus,
1648 2145 1704 2203 4.
1752 2139 1817 2205 N
1818 2161 1945 2219 unc,
1973 2145 2080 2206 etsi
2106 2147 2298 2205 omnia
2323 2153 2427 2205 aut
2454 2147 2664 2224 εει-ἰῇ.

678 2255 804 2300 esse
826 2261 863 2299 a
888 2239 1000 2298 tuis
1021 2235 1266 2298 arbitror
1285 2247 1387 2298 aut
1410 2235 1583 2299 etiam
1605 2237 1820 2300 nuntiis
1848 2251 1917 2300 ab
1941 2245 2173 2301 rumore
2201 2241 2443 2318 perlata,
2468 2243 2659 2302 tamen

597 2350 663 2399 20
678 2357 750 2396 ea
765 2331 1009 2396 scribam
1030 2331 1210 2408 brevi,
1228 2353 1378 2412 quae
1405 2339 1464 2394 te
1490 2329 1631 2413 puto
1653 2333 2008 2414 potissimum
2029 2353 2106 2396 ex
2124 2339 2268 2396 meis
2288 2337 2498 2396 litteris
2515 2338 2665 2397 vene

674 2451 1033 2512 cognoscere.
1114 2427 1315 2490 Pridie
1356 2425 1557 2491 Nonas
1586 2427 1747 2492 Sext.
1792 2429 2161 2510 Dyrrhachio
2186 2445 2311 2492 sum
2354 2434 2661 2510 profectus,

674 2531 797 2606 ipso
836 2523 935 2587 illo
974 2519 1084 2601 die,
1120 2548 1234 2605 quo
1273 2528 1373 2586 lex
1413 2537 1503 2586 est
1540 2521 1660 2587 lata
1700 2523 1771 2588 de
1813 2525 1992 2587 nobis.
2106 2525 2488 2587 Brundisium
2532 2530 2661 2589 veni

671 2624 861 2684 Nonis
904 2622 1065 2684 Sext.
1146 2624 1241 2683 Ibi
1281 2625 1422 2681 mihi
1464 2619 1716 2683 Tulliola
1756 2635 1887 2684 mea
1910 2619 2037 2682 ‘fust
2078 2628 2309 2701 praesto
2347 2625 2532 2690 natali
2561 2637 2665 2684 suu

672 2721 797 2798 ipso
823 2721 936 2794 die,
961 2721 1061 2797 qui
1102 2739 1236 2778 easu
1281 2719 1432 2777 idem
1476 2721 1681 2778 natalis
1712 2727 1836 2779 erat
1874 2729 1931 2779 et
1974 2719 2361 2779 Brundisinae
2404 2721 2661 2780 coloniae

592 2827 732 2878 πει
757 2827 889 2876 tuae
918 2818 1143 2875 vicinae
1168 2812 1450 2884 ⁸Salutis;
1491 2834 1642 2891 quae
1671 2835 1764 2875 res
1794 2817 2195 2875 animadversa
2221 2834 2259 2874 a
2294 2817 2661 2876 multitudine

671 2932 895 2972 summa
922 2912 1398 2971 Brundisinorum
1422 2912 1804 2989 gratulatione
1829 2913 2117 2974 celebrata
2138 2922 2239 2970 est.
2324 2912 2489 2972 Ante
2507 2914 2660 2973 diem

671 3008 781 3067 VL
822 3009 911 3067 Id.
955 3008 1116 3069 Sext.
1158 3010 1416 3087 cognovi,
1442 3028 1620 3086 quum
1667 3008 1958 3067 Brundisii
1990 3027 2194 3080 essem,
2221 3008 2428 3067 litteris
2457 3008 2661 3084 Quinti

670 3103 879 3176 fratria
904 3105 1142 3164 mirifico
1169 3105 1353 3164 studio
1373 3105 1628 3164 omnium
1657 3114 1909 3164 aetatum
1942 3113 2114 3180 atque
2135 3103 2419 3176 ordinum,
2436 3105 2660 3165 incred-

670 3200 792 3258 ibili
819 3219 1096 3259 concursu
1123 3200 1328 3261 Italiae
1345 3195 1536 3279 legem
1558 3202 1799 3260 comitiis
1830 3199 2162 3259 centuriatis
2189 3217 2315 3258 esse
2356 3200 2657 3277 perlatam-

588 3306 656 3357 80
669 3294 816 3355 Inde
843 3315 881 3355 a
907 3296 1270 3358 Brundisinis
1298 3299 1709 3359 honestissimis
1739 3307 1990 3369 omme,
2014 3295 2127 3355 iter
2154 3295 2238 3354 ita
2264 3293 2395 3365 feci,
2410 3307 2479 3354 ut
2498 3297 2659 3355 undi-

667 3407 785 3468 que
803 3392 880 3451 ad
898 3413 993 3452 me
1012 3411 1144 3453 eum
1165 3397 1547 3473 gratulatione
1564 3398 1739 3476 legati
1771 3394 2160 3456 convenerint·
2233 3392 2289 3449 5.
2332 3389 2437 3450 Ad
2458 3391 2657 3452 urbem

668 3491 751 3550 ita
772 3492 925 3563 veni,
954 3502 1018 3551 ut
1039 3512 1211 3553 nemo
1234 3496 1407 3554 ullius
1433 3496 1649 3564 ordinis
1676 3495 1848 3553 homo
1876 3489 2309 3554 'nomenclatori
2338 3499 2511 3547 notus
2537 3485 2659 3546 fue

669 3589 761 3658 rit,
786 3589 889 3664 qui
915 3590 1056 3647 mihi
1079 3591 1313 3650 obviam
1331 3607 1449 3650 non
1467 3591 1709 3660 venerit,
1730 3599 1961 3666 praeter
1981 3607 2080 3648 eos
2105 3588 2385 3657 inimicos,
2408 3580 2657 3660 ¹⁴'quibus

603 3719 608 3726 ·
668 3683 730 3741 id
772 3683 962 3759 ipsum
1000 3703 1115 3743 non
1156 3686 1356 3745 lioeret
1403 3693 1509 3744 aut
1562 3685 1923 3744 dissimulare
1977 3692 2078 3743 aut
2133 3701 2370 3766 negare.
2462 3675 2657 3754 Quum
