2885 3782
1046 575 1145 653 M.
1217 569 1550 656 TULLII
1628 573 2191 658 CICERONTS‘

630 803 938 883 PRO
1044 808 1155 884 Τ.
1265 809 1791 888 ANNIO
1898 807 2541 889 MILONE

1029 1047 1414 1101 ORATIO
1485 1050 1608 1101 AD
1676 1049 2152 1103 JUDICES.

723 1410 777 1471 1.
859 1416 911 1472 1.
952 1412 1109 1474 Erst
1154 1433 1376 1489 vereor,
1410 1414 1651 1493 judices,
1698 1435 1772 1476 ne
1814 1425 1982 1494 turpe
2026 1415 2102 1476 sit
2149 1434 2261 1493 pro
2310 1412 2606 1476 fortissitm

644 1508 771 1567 viro
808 1509 1000 1568 dicere
1041 1510 1409 1588 incipientem
1452 1513 1668 1582 timere,
1695 1512 2044 1589 minimeque
2082 1511 2307 1583 deceat,
2340 1531 2522 1588 quum
2544 1509 2608 1569 Τ.

644 1605 876 1666 Annius
915 1608 1040 1685 ipse
1078 1609 1261 1686 magis
1299 1609 1373 1668 de
1412 1611 1499 1669 rei
1539 1610 1802 1687 publicae
1843 1611 2024 1669 salute
2049 1627 2225 1685 quam
2254 1610 2331 1668 de
2360 1629 2469 1669 sua
2493 1628 2611 1688 per-

644 1704 918 1776 turbetur,
964 1723 1059 1763 me
1105 1706 1183 1764 ad
1227 1705 1355 1782 ejus
1398 1725 1637 1766 causam
1683 1725 1884 1783 parem
1930 1706 2119 1765 animi·
2156 1707 2610 1783 magnitudinem

599 1806 635 1858 5
648 1797 854 1858 afferre
894 1819 1009 1859 non
1050 1819 1232 1879 posse,
1261 1811 1455 1861 tamen
1495 1803 1641 1861 haec
1664 1802 1801 1861 novi
1819 1801 2020 1879 judicii
2046 1820 2201 1860 nova
2226 1801 2423 1861 forma
2448 1812 2617 1861 terra

643 1897 854 1969 oculos,
875 1898 992 1975 qui,
1014 1917 1372 1976 quocumque
1399 1899 1739 1972 inciderunt,
1759 1899 2225 1959 consuetudinem
2252 1898 2367 1958 fori
2396 1910 2457 1959 et
2483 1900 2614 1977 pris-

643 1991 827 2050 tinum
850 2009 1067 2050 morem
1084 1990 1433 2067 judiciorum
1462 1993 1774 2070 requirunt.
1854 1992 1990 2051 Non
2017 1993 2173 2051 enim
2198 1989 2445 2052 ¹corona
2469 1991 2616 2053 'cun-

645 2096 1052 2147 sessus'vester
1076 2089 1293 2147 cinctus
1320 2096 1425 2159 est,
1446 2097 1511 2146 ut
1536 2088 1787 2147 solebat:
1830 2089 1884 2146 2.
1910 2106 2025 2146 non
2052 2087 2265 2146 usitata
2292 2087 2618 2164 frequentia

645 2183 838 2258 stipati
876 2202 1108 2242 sumusz
1145 2179 1282 2241 ⁸non
1321 2183 1424 2243 illa
1462 2183 1765 2261 praesidia,
1789 2202 1939 2260 quae
1964 2201 2070 2261 pro
2092 2184 2328 2260 templis
2355 2185 2619 2242 omnibu

568 2290 631 2339 10
645 2280 891 2351 cernitis,
929 2281 1039 2339 etsi
1077 2290 1276 2339 contra
1314 2281 1432 2339 vim
1474 2281 1749 2339 collocata
1787 2290 1935 2351 sunt,
1974 2299 2089 2338 non
2127 2279 2386 2339 afferunt
2426 2290 2614 2339 tamen

641 2375 852 2432 oratori
879 2374 1111 2451 aliquid,
1139 2383 1203 2433 ut
1227 2376 1283 2433 in
1313 2373 1437 2433 foro
1475 2384 1536 2433 et
1574 2375 1634 2433 in
1665 2374 1902 2451 judicio,
1930 2393 2280 2452 quamquam
2308 2376 2613 2451 praesidiis

642 2472 985 2531 salutaribus
1010 2483 1073 2532 et
1108 2474 1440 2532 necessariis
1474 2473 1657 2550 saepti
1696 2491 1912 2545 sumuS‚
1940 2482 2129 2530 tamen
2163 2492 2239 2531 ne
2266 2492 2384 2531 non
2412 2474 2613 2533 timoee

642 2565 875 2640 quidem
900 2569 1022 2627 sine
1049 2568 1242 2645 aliquo
1269 2569 1470 2626 timore
1491 2568 1788 2643 possimus.
1858 2565 2023 2642 Quae
2048 2569 2096 2625 si
2122 2569 2391 2644 opposita
2406 2568 2611 2628 Miloni

642 2671 920 2737 putarem,
961 2663 1225 2722 cederem
1266 2660 1549 2740 ‘tempor-i,
1581 2661 1824 2738 judices,
1870 2680 1978 2721 nec
2022 2663 2174 2721 inter
2221 2672 2449 2723 tantam
2492 2665 2608 2723 vim

567 2769 628 2817 ιδ
644 2776 930 2817 armorum
957 2761 1346 2819 existimarem
1387 2776 1515 2818 esse
1555 2759 1797 2817 orationi
1836 2758 2040 2817 locum.
2121 2759 2240 2819 Sed
2264 2779 2361 2819 me
2388 2770 2612 2820 rem-eut

642 2863 704 2912 et
739 2855 923 2914 reficit
964 2854 1071 2915 Cn.
1115 2856 1393 2933 Pompeii,
1435 2855 1837 2932 sapientissimi
1878 2863 1940 2913 et
1966 2854 2269 2931 justissimi
2310 2858 2443 2929 viri,
2482 2875 2609 2915 om·

643 2950 849 3021 silium,
890 2953 991 3028 qui
1039 2953 1291 3030 profecto
1341 2970 1449 3011 nec
1487 2952 1744 3028 justitiae
1791 2969 1928 3010 suae
1972 2961 2199 3029 putaret
2242 2972 2390 3025 esse,
2438 2971 2609 3031 quem

640 3063 805 3105 reum
849 3050 1147 3107 sententiis
1195 3048 1457 3123 judicum
1507 3048 1843 3118 tradidisset,
1891 3048 2141 3107 eundem
2186 3049 2318 3108 telis
2367 3051 2609 3109 militum

639 3141 867 3215 dedere,
907 3162 1015 3203 nec
1060 3145 1390 3221 sapientiae,
1437 3144 1817 3203 temeritatem
1863 3146 2181 3204 concitatae
2226 3146 2610 3205 multitudini

563 3245 627 3294 20
643 3238 978 3296 auctoritate
1017 3240 1245 3314 publica
1282 3256 1526 3297 armare.
1606 3238 1665 3296 3.
1708 3238 2101 3313 Quamobrem
2140 3240 2240 3298 illa
2270 3259 2455 3311 arma,
2480 3260 2611 3301 oen·

641 3332 909 3404 turiones,
947 3334 1204 3393 cohortes
1244 3353 1358 3392 non
1398 3335 1716 3411 periculum
1753 3337 1933 3405 nobis,
1960 3336 2062 3394 sed
2100 3338 2454 3412 praesidium
2490 3334 2611 3395 'de-

640 3427 921 3498 nuntiant,
947 3447 1132 3505 neque
1160 3429 1358 3499 solum,
1386 3439 1455 3488 ut
1479 3431 1690 3505 quieto,
1717 3429 1818 3489 sed
1854 3431 2048 3503 etiam,
2075 3440 2141 3489 ut
2175 3450 2389 3509 magno
2416 3433 2608 3491 animo

642 3519 836 3592 simus,
888 3523 1201 3595 hortantur,
1255 3542 1444 3600 neque
1496 3525 1779 3584 auxilium
1830 3526 2000 3585 modo
2051 3525 2368 3585 defensioni
2422 3545 2609 3599 mene.

643 3629 845 3671 verum
871 3616 1047 3675 etiam
1074 3618 1361 3677 silentium
1386 3618 1745 3695 pollicentur.
1828 3618 2079 3695 Reliqua
2117 3639 2258 3679 vero
2282 3621 2611 3693 multitudo,

564 3715 795 3770 nume
821 3709 1055 3770 cuidem
1080 3721 1172 3770 est
1195 3713 1424 3770 civium.
1450 3720 1574 3770 tota
1597 3722 1794 3770 nostra
1830 3724 1936 3770 est.
1958 3711 2174 3770 ‘nenne
2210 3732 2414 3770 eorm
2453 3716 2617 3770 nni:-
