2885 3782
699 459 827 504 rno
869 460 923 501 r.
965 459 1168 504 mmo
1209 458 1478 516 mum,
1518 459 1661 503 cu».
1702 460 1913 503 xxvn.
2205 445 2322 504 837

284 635 479 678 onmes
524 621 882 691 confitentur,
926 617 1138 679 liceret.
1219 619 1314 676 71.
1357 618 1531 694 Quod
1570 635 1713 679 vero
1750 620 1810 677 iu
1858 620 1957 678 illo
1997 620 2121 679 loco
2160 628 2247 679 at-

284 729 397 791 que
444 716 556 773 illis
595 716 950 791 publicorum
990 715 1400 791 praesidiorum
1440 716 1618 791 copiis
1658 716 2029 775 circumfusus
2070 717 2244 786 sedet,

282 812 418 869 satis
460 812 728 882 declarat,
780 830 842 869 se
895 829 1011 868 non
1063 820 1339 870 terrorem
1391 810 1604 887 inferre
1647 813 1825 881 vobis,
1875 812 2040 887 (quid
2092 813 2246 870 enim

281 908 469 965 minus
515 908 616 964 ino
652 908 906 983 dignum,
944 925 1118 983 quam
1158 925 1379 982 cogere,
1420 916 1486 964 ut
1522 925 1627 964 vos
1666 925 1800 966 eum
1840 908 2244 978 condemnetis,

279 1002 340 1060 in
381 1021 553 1078 quem
592 1004 1046 1061 animadvertere
1087 1003 1211 1078 ipse
1249 1017 1312 1060 et
1336 1021 1496 1061 more
1535 1002 1816 1078 majorum
1858 1013 1921 1061 et
1957 999 2084 1061 ‘suo
2114 1003 2247 1079 jure
2293 1017 2324 1063 5

278 1107 473 1174 posset
491 1097 544 1174 ἲ)
609 1100 710 1156 sed
757 1099 1043 1174 praesidio
1090 1117 1233 1170 esse,
1280 1106 1347 1157 ut
1391 1099 1738 1175 intelligatis,
1786 1110 1983 1158 contra
2029 1101 2246 1158 hester-

277 1212 414 1252 nam
453 1195 612 1252 illam
653 1195 972 1253 contionem
1011 1195 1185 1254 licere
1222 1194 1403 1267 vobis,
1445 1195 1598 1270 quod
1637 1196 1909 1266 sentiatis,
1937 1196 2118 1255 libere
2150 1195 2245 1272 ju-

277 1289 485 1349 dicare.

359 1386 634 1444 XXVII.
714 1388 809 1444 72.
866 1386 997 1445 Nec
1036 1405 1176 1445 vero
1213 1405 1323 1459 me,
1354 1384 1597 1462 judiceS,
1644 1386 1986 1447 Clodianum
2027 1389 2243 1446 crimen

278 1492 489 1552 movet,
528 1502 635 1542 nec
675 1491 795 1541 tam
833 1501 962 1541 sum
1000 1483 1232 1542 demens
1271 1492 1504 1557 tamque
1547 1483 1721 1541 vestri
1769 1501 1966 1541 sensus
2008 1483 2242 1559 ignarus
2264 1495 2322 1543 10

276 1587 450 1653 atque
477 1595 702 1654 expers,
731 1587 798 1636 ut
824 1578 1090 1647 nesciam,
1117 1578 1258 1653 quid
1282 1578 1356 1637 de
1383 1587 1566 1638 morte
1590 1577 1776 1638 Clodii
1806 1579 2080 1638 sentiatis.
2149 1579 2244 1637 De

277 1691 411 1748 qua,
448 1675 498 1732 si
530 1674 652 1749 jam
690 1675 907 1732 nollem
945 1674 1030 1732 ita
1068 1672 1285 1732 diluere
1325 1674 1558 1745 crimen,
1602 1685 1666 1732 ut
1704 1673 1862 1744 dilui,
1907 1685 2096 1733 tamen
2138 1675 2242 1732 im-

273 1787 433 1845 pune
484 1769 695 1828 Miloni
747 1770 937 1845 palam
991 1770 1240 1828 clamare
1291 1787 1362 1827 ac
1413 1771 1641 1828 mentiri
1695 1769 1936 1846 gloriose
2002 1771 2243 1830 liceret:

277 1872 316 1903 ‘⁴
332 1866 550 1939 Occidi,
576 1868 772 1939 occidi,
799 1885 914 1925 non
956 1865 1057 1944 Sp.
1085 1864 1404 1940 ¹Maelium,
1438 1867 1539 1943 qui
1580 1885 1806 1927 annona
1847 1867 2089 1926 levanda
2120 1866 2244 1942 jac-

276 1965 531 2040 turisque
559 1966 641 2022 rei
670 1964 984 2035 familiaris,
1012 1965 1149 2039 quia
1175 1964 1344 2022 nimis
1372 1964 1637 2039 amplecti
1669 1964 1898 2039 plebem
1924 1965 2241 2037 videbatur,
2263 1979 2321 2026 15

275 2061 335 2118 in
378 2062 755 2137 suspicionem
795 2060 994 2119 incidit
1032 2060 1195 2136 regni
1235 2060 1558 2136 appetendi,
1598 2078 1709 2117 non
1752 2059 1845 2117 Ti.
1871 2057 2243 2133 ²³(3rracchum,

275 2157 375 2234 qui
402 2159 655 2235 cossegae
695 2158 1090 2234 magistratum
1133 2174 1238 2232 per
1277 2156 1612 2214 seditionem
1653 2155 1967 2231 abrogavit,
1996 2175 2239 2231 quorum

274 2253 669 2314 interfectores
697 2254 1083 2331 impleverunt
1106 2254 1305 2312 orbem
1332 2260 1618 2311 terrarum
1656 2253 1899 2310 nominis
1927 2253 2013 2311 sui
2042 2254 2242 2331 gloria,

276 2355 377 2413 sed
417 2374 548 2413 eum
595 2354 858 2431 (auderet
898 2352 1056 2411 enim
1094 2353 1302 2422 dicere,
1341 2370 1522 2428 quum
1561 2352 1804 2428 patriam
1845 2351 2099 2426 periculo
2139 2371 2243 2410 suo

275 2449 620 2527 liberasset),
645 2449 809 2524 cujus
836 2446 1145 2506 nefandum
1171 2447 1515 2506 adulterium
1548 2447 1612 2504 ‘in
1639 2443 2052 2523 ⁸pulvinaribus
2078 2466 2240 2506 sanc·
2254 2460 2320 2508 20

274 2544 506 2602 tissimis
559 2545 940 2603 nobilissimae
985 2542 1233 2601 feminae
1281 2542 1869 2619 comprehenderunt:
1938 2542 2032 2599 73.
2090 2561 2241 2616 eum,

275 2638 437 2714 cujus
464 2639 739 2715 supplicio
767 2648 997 2696 senams
1036 2638 1342 2696 sollemnes
1383 2636 1687 2712 relig-iones
1717 2637 2034 2713 expiandas
2066 2656 2240 2713 saepe

273 2735 528 2793 censuit:
569 2754 717 2805 eum,
745 2752 917 2809 quem
957 2752 1087 2792 cum
1107 2728 1322 2791 ⁴sorore
1363 2750 1643 2810 germana
1669 2732 1952 2791 nefarium
1979 2743 2240 2809 stuprum

272 2828 491 2899 fecisse,
521 2830 589 2887 L.
622 2830 899 2888 Lucullus
937 2826 1182 2903 ‘juratus
1221 2846 1301 2899 se,
1339 2825 1788 2904 “quaestionibus
1828 2828 2054 2898 habitis,
2095 2828 2240 2885 dixit

271 2926 650 3001 comperisse:
691 2944 839 2995 eum,
880 2925 980 3000 qui
1005 2920 1232 2994 ⁷civem,
1272 2942 1446 2999 quem
1489 2933 1738 2994 senatus,
1780 2941 1951 3000 quem
1993 2924 2237 3000 populus
2256 2937 2319 2985 25

274 3020 588 3091 RomanuS,
616 3040 785 3097 quem
815 3038 1009 3078 omnes
1050 3028 1252 3095 gentes
1292 3020 1450 3077 urbis
1490 3038 1558 3077 ac
1599 3021 1751 3078 vitae
1779 3021 1988 3078 civium
2017 3037 2241 3078 conser-

251 3122 530 3176 'vatorem
551 3117 892 3192 judicarant,
923 3133 1222 3174 servorum
1263 3115 1437 3173 armis
1481 3117 1921 3173 exterminavit:
1963 3133 2113 3185 eum,
2141 3117 2240 3190 qui

267 3210 471 3290 *regna
498 3213 666 3282 dedit,
695 3213 923 3282 ademit,
951 3212 1145 3269 orbem
1189 3220 1491 3281 terrarum,
1521 3213 1857 3286 quibuscum
1886 3212 2084 3283 voluit,
2113 3230 2243 3286 par-

269 3311 406 3367 titus
437 3318 559 3365 est:
601 3324 750 3380 eum,
777 3309 894 3383 qui,
924 3306 1183 3381 plurimis
1210 3307 1479 3366 caedibus
1516 3306 1574 3364 in
1603 3307 1726 3365 foro
1753 3305 1936 3377 factiS,
1963 3304 2241 3383 singulari

268 3406 485 3461 virtute
525 3414 584 3461 et
622 3404 803 3479 gloria
841 3399 1050 3460 ⁹civem
1089 3403 1322 3459 domum
1363 3402 1423 3459 vi
1453 3411 1511 3459 et
1535 3404 1713 3460 armis
1738 3402 2048 3477 compulitz
2089 3412 2321 3472 eum‚80

269 3501 358 3534 mog
390 3500 530 3534 nav-n
563 3518 809 3535 nunno-nnn
844 3497 1000 3534 nonno
1039 3497 1150 3534 Αιῖῥ
1191 3514 1298 3534 nnn
1339 3499 1398 3534 :n
1440 3497 1693 3534 radan-n
1736 3517 1840 3534 nnn
1882 3498 1939 3534 :n
1970 3498 2203 3534 ιῖιιῧιῖἶηο
2227 3518 2242 3532 ο
