2885 3782
574 402 693 462 ⁷98
719 447 724 458 .
1487 416 1728 462 omno

652 578 756 638 tibi
796 577 1239 655 probatieeimoe,
1267 587 1563 654 totumque
1601 597 1807 655 agrum
1848 576 2145 646 Sabinum,
2170 577 2375 638 flerem
2414 577 2633 650 Italiae,

649 676 825 734 robur
889 674 974 732 rei
1041 676 1306 750 publicae
1360 693 1698 751 proponere.
1806 674 1977 732 Nosti
2040 676 2285 752 optimos
2354 675 2628 734 homines.

650 770 1066 830 Animadverte
1106 770 1311 830 horum
1350 770 1608 830 omnium
1646 770 1990 829 maestitiam
2029 781 2088 828 et
2125 771 2420 830 dolorm:
2469 770 2633 846 huju

651 867 724 925 T.
753 867 1015 937 Brocchi,
1045 867 1116 925 de
1143 886 1259 942 quo
1285 886 1400 925 non
1437 868 1638 925 dubito
1664 868 1804 943 quid
1830 868 2146 937 existimes,
2172 868 2444 927 lacrimas
2469 887 2631 945 equ-

608 964 951 1039 !leremque
976 964 1156 1041 ipsine
1183 973 1243 1022 et
1268 964 1373 1022 filii
1414 964 1596 1022 videe-
1677 963 1774 1021 33.
1820 963 1976 1038 Quid
2001 965 2073 1022 de
2098 963 2376 1024 fratribus
2400 963 2628 1026 dicam?

650 1060 806 1131 Noli,
835 1058 1064 1128 Caesar,
1091 1069 1314 1135 putare,
1338 1059 1412 1117 de
1440 1060 1608 1117 unius
1647 1059 1835 1135 capite
1870 1078 1979 1118 noe
2002 1078 2213 1136 agere:
2250 1068 2361 1118 aut
2388 1072 2508 1119 tree
2534 1062 2631 1120 tibi

651 1157 871 1235 Ligarii
897 1156 1179 1216 retinendi
1206 1157 1264 1214 in
1293 1157 1530 1215 civitate
1556 1165 1689 1214 sunt
1715 1164 1817 1215 aut
1841 1165 1959 1215 tres
1994 1175 2071 1214 ex
2098 1157 2336 1216 civitate
2362 1159 2632 1218 extermi-

648 1255 841 1312 nandi.
924 1253 1181 1327 Quodvis
1208 1254 1479 1311 exsilium
1506 1253 1596 1311 his
1623 1263 1711 1311 eet
1733 1253 1996 1342 optatiu8‚
2022 1271 2197 1329 quam
2223 1254 2439 1330 patria,
2462 1274 2629 1331 quem

649 1352 868 1422 domus,
906 1368 1080 1425 quam
1121 1348 1201 1407 dii
1241 1359 1496 1425 penate&
1537 1367 1651 1408 uno
1691 1349 1789 1407 illo
1827 1335 2143 1407 exsulante.
2244 1348 2315 1409 Si
2364 1349 2631 1421 fintene,

572 1458 634 1506 ιο
650 1447 696 1504 ei
741 1447 848 1522 pie,
889 1446 939 1503 si
985 1464 1117 1504 cum
1159 1445 1356 1503 dolore
1403 1443 1635 1512 faciunt,
1675 1451 1949 1502 moveant
1995 1453 2053 1503 te
2096 1444 2305 1503 horum
2346 1444 2633 1517 lacrimae,

648 1550 881 1601 moveat
905 1542 1104 1618 pictae,
1129 1549 1360 1599 moveat
1382 1539 1771 1617 germanitass
1812 1540 2000 1598 valeat
2025 1550 2124 1598 tna
2158 1560 2282 1599 vox
2316 1537 2488 1611 1112ss
2485 1560 2633 1619 quae

648 1639 806 1697 vicit.
886 1638 975 1696 Te
997 1638 1171 1696 enim
1207 1637 1398 1697 dicere
1439 1633 1828 1706 audiebamus,
1872 1652 1981 1693 nos
2019 1652 2218 1702 omnes
2262 1636 2633 1698 adversm-io·

649 1744 869 1812 putare,
894 1736 1004 1792 nisi
1030 1734 1130 1810 qui
1157 1734 1452 1793 nobiscum
1480 1741 1702 1791 essent.
1741 1740 1802 1789 te
1829 1751 2042 1804 omnes,
2068 1733 2165 1808 qui
2202 1745 2411 1792 contra
2437 1743 2498 1792 te
2522 1754 2635 1794 nen

648 1839 856 1903 essent,
883 1838 1030 1888 tuoe.
1110 1830 1364 1889 Videsne
1392 1830 1570 1907 igitur
1594 1830 1747 1888 hunc
1770 1825 2154 1906 ‘'splendorem
2178 1830 2462 1903 omnium,
2490 1831 2636 1890 hane

572 1940 635 1988 15
652 1926 1041 1989 Brocchorum
1086 1928 1336 1997 domum,
1382 1926 1535 1984 hunc
1579 1924 1651 1983 L.
1692 1924 1996 1997 Marcium,
2048 1923 2113 1984 C.
2165 1923 2523 1997 Caesetium,
2568 1926 2636 1985 L.

653 2021 980 2094 Corfidium,
1026 2023 1132 2081 bos
1177 2039 1374 2081 omnes
1421 2020 1644 2097 equites
1694 2019 2001 2093 Romanos,
2046 2022 2148 2098 qui
2202 2022 2423 2080 adsunt
2477 2032 2635 2083 vesto

649 2129 884 2190 mutata,
923 2138 1039 2178 nou
1078 2120 1264 2179 solum
1301 2128 1468 2177 notoe
1506 2116 1629 2189 tibi,
1671 2136 1872 2175 verum
1911 2118 2085 2177 etiam
2125 2119 2403 2194 probatos
2444 2117 2636 2178 virm?

648 2215 870 2275 Tecum
907 2215 941 2273 f
937 2226 1157 2274 uerunt.
1237 2215 1436 2291 Atque
1477 2215 1567 2272 his
1606 2214 2008 2285 irascebamur,
2033 2214 2137 2272 hos
2177 2217 2636 2291 requirebamus,

649 2312 738 2370 hie
777 2313 1038 2371 nonnulli
1078 2313 1254 2371 etiam
1293 2312 1675 2371 minabantur.
1761 2308 2054 2370 conserva
2091 2310 2270 2387 igitur
2310 2313 2431 2369 tuis
2471 2332 2635 2371 suos:

570 2418 636 2468 zo
653 2416 732 2478 ut,
758 2410 1238 2484 quemadmodum
1264 2416 1473 2480 cetera,
1492 2426 1640 2484 quae
1666 2406 1819 2469 dicta
1845 2416 1979 2466 sunt
2002 2426 2040 2466 a
2063 2418 2140 2478 te,
2158 2406 2245 2467 sie
2270 2408 2386 2468 hoc
2412 2409 2636 2468 verini-

649 2523 806 2562 mum
834 2506 1170 2581 reperiatur.

731 2600 882 2660 XII.
963 2603 1058 2659 34.
1103 2601 1273 2675 Quod
1312 2602 1361 2661 ei
1400 2602 1630 2680 penitus
1671 2601 1993 2680 perspicere
2034 2620 2230 2679 posses
2271 2603 2635 2663 concordiam

652 2698 1031 2776 Ligariorum,
1057 2718 1254 2759 omnes
1279 2700 1487 2759 fratres
1514 2709 1703 2759 tecum
1721 2699 2013 2776 judicares
2039 2699 2234 2758 fuisse.
2320 2700 2425 2758 An
2454 2708 2637 2776 potest

650 2797 956 2873 quisquam
995 2795 1277 2869 dubitare,
1313 2798 1473 2872 quin,
1496 2797 1551 2855 ei
1581 2795 1655 2871 Q.
1684 2797 1952 2874 Ligarius
1991 2797 2052 2854 in
2090 2795 2265 2857 Italia
2303 2816 2436 2857 eeee
2476 2805 2639 2874 potu-

572 2894 809 2966 nisset,
861 2895 922 2953 in
953 2895 1176 2953 .eadem
1231 2895 1514 2955 sententia
1566 2894 1768 2954 fuisset
1824 2895 2064 2965 futuruS,
2116 2895 2180 2952 in
2249 2914 2372 2971 qua
2422 2894 2637 2954 stau-es

650 2989 928 3050 fuerunt?
1013 2990 1158 3066 Quis
1194 3000 1299 3063 est,
1339 2992 1441 3068 qui
1485 2992 1689 3050 borum
1735 3010 2069 3052 consensum
2109 2992 2539 3068 conspirantem
2579 3000 2637 3049 ct

652 3107 836 3165 paene
863 3090 1168 3148 conflatum
1204 3090 1265 3147 in
1300 3089 1411 3148 hac
1447 3107 1625 3165 prope
1653 3088 1998 3165 aequalitate
2037 3088 2299 3148 fratema
2324 3108 2443 3147 non
2472 3106 2636 3146 nove·

650 3184 769 3244 rit?
809 3186 906 3261 qui
945 3187 1053 3244 hoc
1090 3205 1204 3245 non
1245 3187 1470 3256 sentiat,
1497 3184 1727 3262 quidvis
1762 3186 1919 3262 prius
1951 3184 2211 3243 futurum
2236 3184 2441 3256 fuisse,
2467 3195 2633 3262 quam

652 3291 720 3339 ut
767 3282 825 3337 hi
873 3280 1083 3339 fratres
1133 3281 1387 3340 diversas
1438 3282 1749 3339 sententias
1795 3280 2168 3357 fortunasque
2214 3276 2635 3356 sequerentur?

573 3377 972 3437 ”voluntate
1012 3379 1186 3454 igitur
1225 3396 1421 3436 omnae
1465 3386 1658 3436 tecum
1693 3377 1955 3435 fuerunt:
1997 3387 2341 3453 tempestate
2369 3380 2635 3454 abrepms

653 3481 741 3530 eet
767 3492 950 3540 unus;
990 3474 1092 3548 qui
1118 3474 1168 3531 si
1195 3462 1432 3533 consilio
1466 3473 1526 3531 id
1565 3472 1806 3543 fecisset,
1834 3483 1985 3530 esset
2019 3492 2217 3530 eorum
2246 3474 2475 3544 similis,
2496 3491 2634 3549 qnos

655 3580 715 3627 tu
743 3579 934 3628 tamen
963 3569 1151 3628 salvos
1177 3588 1304 3628 esse
1330 3568 1576 3627 voluisti.
1657 3569 1754 3626 35.
1797 3568 1913 3627 Sed
1955 3564 2107 3625 ¹ierit
2150 3569 2225 3626 ad
2265 3570 2502 3639 bellum,
2527 3570 2635 3627 die-

655 3666 898 3723 senserit
923 3685 1036 3724 non
1065 3654 1101 3723 a
1126 3674 1186 3723 te
1215 3665 1414 3734 solum,
1442 3684 1645 3723 verum
1673 3666 1844 3723 etiam
1871 3682 1907 3721 a
1943 3664 2256 3723 fratribus:
2298 3665 2358 3723 hi
2390 3674 2451 3723 te
2477 3674 2633 3725 oram
