2885 3782
656 350 1018 423 ram-riu:
1059 351 1139 394 nr
1181 349 1551 394 rumora
1592 352 1671 394 Er
1714 350 2039 395 mcx-:norm
2244 336 2359 399 293

297 513 476 573 nostri
505 521 718 585 essent,
742 509 835 571 1¹¹⁵si
860 511 1119 571 obtinere
1156 511 1514 593 potuissent3
1554 512 1642 570 sin
1668 512 1749 572 ad·
1782 532 1888 572 nos
1912 509 2282 591 ¹⁸pertineret,

297 610 602 676 servirent,
628 618 1034 684 praeterquam
1061 607 1272 683 oppido
1300 607 1485 685 pauci.
1569 605 1689 667 Sed
1713 608 1858 667 haee
1883 609 2107 667 minora
2131 619 2279 669 sunt.

296 707 351 764 5.
391 706 489 765 Tu
530 703 731 782 ”quod
769 724 864 765 me
903 706 1166 778 hortaris,
1195 715 1258 764 ut
1298 707 1494 765 animo
1519 706 1627 763 sim
1653 725 1863 783 magno
1889 717 1949 766 et
1983 726 2142 784 spem
2184 709 2286 767 ha·

295 804 464 865 beam
511 803 928 878 reciperandae
971 802 1187 874 salutis,
1234 802 1294 859 id
1335 797 1555 859 ”velim
1598 802 1675 860 sit
1715 800 2013 877 ejusmodi,
2040 813 2104 862 ut
2128 815 2285 867 recte

296 918 529 977 sperare
557 901 868 976 possimus.
947 898 1140 971 Nunc,
1164 899 1341 957 miser
1360 898 1590 974 quando
1612 908 1738 957 tuas
1754 898 1880 974 jam
1900 900 2120 958 litteras
2140 902 2287 961 aeci·
2333 915 2365 961 5

297 995 494 1073 piam?
533 997 674 1072 quis
704 996 781 1054 ad
807 1014 902 1054 me
929 992 1226 1071 perferet?
1265 1013 1409 1070 quas
1439 1012 1549 1071 ego
1575 1005 1998 1071 exspectassem
2038 995 2289 1057 Brundi·-

296 1092 378 1163 sii,
403 1092 454 1149 si
483 1101 648 1150 esset
669 1092 892 1150 licitum
917 1109 1025 1167 per
1043 1099 1265 1161 nautas,
1285 1090 1394 1173 qui·
1407 1098 1807 1167 tempestatem
1834 1094 2287 1167 praetermittere

295 1189 620 1248 noluerunt.
718 1187 889 1262 Quod
915 1188 1199 1262 reliquum
1227 1197 1331 1257 est,
1360 1195 1621 1245 sustenta
1644 1195 1720 1260 te,
1746 1204 1880 1245 mea
1906 1187 2198 1259 Terentia,
2224 1198 2291 1251 ut

295 1296 470 1363 potes,
511 1283 939 1341 honestissime.
1024 1282 1334 1349 Viximus;
1386 1281 1723 1350 floruimus;
1763 1301 1877 1340 non
1918 1283 2122 1341 vitium
2159 1303 2289 1345 nos·

293 1393 446 1443 trum
474 1383 583 1441 sed
614 1383 805 1439 virtus
835 1390 1027 1439 nostra
1046 1399 1152 1439 nos
1172 1380 1396 1438 afflixit.
1479 1379 1795 1455 Peccatum
1814 1391 1904 1439 est
1922 1381 2159 1453 nullum,
2179 1383 2289 1441 nisi
2309 1395 2370 1444 ιο

295 1480 446 1556 quod
491 1497 616 1537 non
664 1496 785 1535 una
828 1478 1076 1536 animam
1124 1495 1251 1536 eum
1298 1477 1648 1535 ornamentis
1674 1477 1985 1537 amisimus.
2096 1476 2216 1538 Sed
2241 1480 2291 1537 si

295 1576 404 1634 hoe
440 1574 558 1633 fuit
599 1574 804 1632 liberis
833 1574 1041 1632 nostris
1068 1573 1303 1650 gratius,
1332 1592 1435 1631 nos
1462 1572 1682 1645 vivere,
1709 1581 1916 1645 cetera,
1943 1592 2292 1649 quamquam

294 1670 540 1731 ferenda
583 1689 705 1728 non
733 1678 880 1740 sunt,
908 1669 1177 1728 feramus.
1259 1668 1461 1744 Atque
1489 1686 1614 1746 ego,
1638 1669 1740 1744 qui
1766 1678 1826 1728 te
1853 1671 2141 1740 confirmo,
2168 1671 2293 1746 ipso

295 1786 388 1827 me
413 1786 538 1826 non
569 1784 824 1842 possum.
913 1765 964 1822 6.
1011 1764 1275 1824 Clodium
1308 1763 1764 1837 Philhetaerum
1783 1766 1937 1842 quod
1964 1766 2293 1827 valetudine

294 1862 603 1922 omlorum
645 1860 1079 1936 impediebatur,
1112 1860 1402 1920 hominem
1437 1860 1683 1935 fidelem,
1710 1861 1925 1921 remisi.
2008 1860 2291 1924 Salustius
2310 1878 2373 1928 1⁵

296 1957 485 2018 officio
525 1956 718 2014 vineit
764 1974 981 2015 omnes.
1067 1955 1423 2015 Pescennius
1479 1968 1568 2016 est
1618 1959 2038 2035 perbenevolus
2091 1960 2294 2028 nobis3

297 2073 474 2131 quem
531 2064 769 2129 semper
821 2071 992 2129 spero
1048 2053 1133 2111 tui
1181 2054 1305 2114 fore
1345 2056 1763 2114 observantem.
1847 2055 2013 2116 Sicca
2067 2058 2297 2117 dixerat

299 2168 363 2208 se
387 2167 628 2207 meeum
668 2148 811 2221 fore,
840 2148 945 2206 sed
989 2148 1300 2211 Brundisio
1326 2152 1605 2211 discessit.
1690 2150 1860 2226 Cura,
1886 2155 2077 2229 quoad
2096 2163 2295 2231 potes,

300 2255 366 2302 nt
415 2244 643 2314 valeas,
701 2252 760 2302 et
814 2245 896 2303 sic
954 2245 1262 2319 existimes,
1313 2265 1409 2307 me
1458 2247 1857 2308 vehementius
1911 2259 2012 2309 tua
2062 2252 2296 2312 miseria

302 2360 478 2418 quam
505 2360 645 2399 mea
672 2342 1036 2401 commoveri.
1119 2342 1263 2401 Mea.
1280 2343 1577 2417 Terentia,
1594 2345 1867 2404 fidissima
1886 2357 2061 2422 atque
2080 2349 2296 2424 optima
2311 2358 2377 2408 ²0

306 2455 470 2507 uxor,
513 2444 578 2494 et
622 2454 762 2494 mea
796 2437 1087 2494 carissima
1129 2438 1317 2510 filiola,
1343 2448 1403 2498 et
1429 2458 1562 2517 spes
1588 2440 1814 2516 reliqua
1837 2450 2048 2513 nostra,
2078 2440 2301 2515 Cicero,

307 2531 514 2588 valete.

384 2623 592 2684 Pridie
626 2624 926 2685 Kalendas
954 2625 1168 2698 Maias,
1196 2627 1526 2690 Brundisio.

941 2952 1467 3015 EPISTOLA
1545 2953 1781 3013 VIL·

512 3108 690 3170 (Data
718 3105 1092 3164 Thessalonicae
1116 3127 1161 3163 a.
1184 3113 1232 3163 d.
1255 3113 1354 3163 111.
1417 3112 1548 3164 Non.
1572 3113 1773 3165 Octobr.
1793 3114 1860 3165 A.
1882 3113 1948 3165 U.
1971 3113 2031 3167 C.
2055 3117 2186 3178 696.)

462 3237 556 3296 Μ.
600 3237 897 3297 Teuma
943 3240 1003 3302 S.
1048 3243 1128 3302 D.
1170 3242 1549 3301 Tit-amima
1591 3259 1673 3300 m·
1714 3242 2100 3303 Turmouffl
2142 3260 2220 3301 m·

1091 3336 1414 3398 cronnom
1458 3338 1625 3399 Sms.

399 3477 449 3532 1·
486 3477 625 3538 Noli
671 3489 881 3557 putare
920 3503 1011 3546 me
1049 3487 1128 3547 ad
1172 3505 1521 3557 quemquam
1562 3483 1847 3557 longiores
1874 3479 2141 3557 epistolas
2168 3476 2306 3536 seri·
