2885 3782
539 434 660 493 314
1193 447 1550 492 ans-rous
1592 447 1953 497 moaaoms.

620 629 863 687 quorum
888 620 1133 685 uterque
1159 610 1353 686 parvis
1381 609 1679 686 praesidiis
1707 617 1943 686 propter
1966 608 2259 686 angustias
2288 608 2595 668 intercludi

619 716 819 784 potest,
840 697 944 766 ne'c
965 715 1052 764 est
1079 706 1389 782 quidquam
1414 704 1620 764 Cilicia
1647 715 1843 764 contra
1865 703 2095 782 Syriam
2124 705 2400 762 munitius
2423 704 2468 783 ;)
2495 702 2595 764 sed

619 818 712 860 me
756 802 1118 879 Cappadocia
1157 804 1439 872 movebat,
1467 819 1615 876 quae
1655 810 1815 877 patet
1849 820 1887 859 a
1915 800 2090 878 Syria
2114 820 2392 878 regesque
2422 802 2596 860 habet

619 894 903 969 finitimos,
930 900 1029 974 qui
1074 899 1298 956 etiamsi
1344 908 1477 955 sunt
1523 898 1697 956 etiam
1742 898 1911 956 amici
1954 899 2133 971 nobis,
2158 909 2351 956 tamen
2396 906 2596 975 aperte

557 1009 599 1055 5
620 994 856 1053 Parthis
895 995 1109 1052 inimici
1157 1012 1281 1052 esse
1322 1013 1437 1051 non
1466 994 1693 1052 audent.
1772 984 1981 1069 Itaque
2008 995 2067 1051 in
2100 993 2470 1071 Cappadocia
2496 1000 2597 1053 exss

618 1102 804 1149 trema
838 1110 954 1148 non
993 1091 1161 1167 longe
1189 1109 1225 1149 a
1252 1089 1448 1147 Tauro
1475 1090 1627 1167 apud
1655 1091 1925 1166 oppidum
1958 1088 2227 1168 Cybistra
2255 1100 2445 1149 castra
2470 1091 2597 1163 feci,

620 1196 685 1245 ut
710 1196 769 1245 et
797 1186 1054 1245 Ciliciam
1082 1196 1277 1245 tuerer
1302 1194 1360 1244 et
1382 1184 1805 1261 Cappadociam
1826 1196 2028 1245 tenens
2050 1205 2202 1245 nova
2222 1187 2595 1245 finitimorum

619 1283 854 1342 consilia
891 1283 1244 1358 impedirem.
1326 1283 1380 1338 5.
1421 1281 1656 1340 Interea
1694 1283 1755 1339 in
1796 1283 1906 1341 hoc
1944 1292 2102 1342 tanto
2137 1292 2290 1340 motu
2325 1294 2598 1359 tantaque

618 1381 1043 1455 exspectatione
1071 1379 1308 1436 maximi
1334 1379 1471 1436 belli
1511 1397 1619 1436 rex
1654 1377 1979 1451 Deiotarus,
2007 1381 2101 1437 cui
2127 1398 2241 1437 non
2269 1380 2395 1437 sine
2425 1398 2599 1438 causa

544 1487 605 1536 ιο
619 1476 928 1552 plurimum
969 1493 1196 1551 semper
1234 1483 1293 1532 et
1329 1494 1460 1532 meo
1498 1483 1559 1533 et
1598 1483 1697 1533 tuo
1732 1483 1792 1533 et
1816 1487 2046 1534 senatus
2071 1474 2292 1552 judicio
2318 1478 2603 1534 tributum

619 1580 722 1642 est,
749 1572 842 1628 vir
868 1590 1043 1647 quum
1089 1572 1486 1630 benevolentia
1512 1581 1569 1629 et
1606 1572 1718 1630 fide
1761 1590 1901 1648 erga
1944 1572 2220 1649 populum
2270 1572 2601 1631 Romanum

620 1666 909 1743 singulari,
935 1676 1057 1723 tum
1085 1667 1424 1741 praesentia,
1455 1668 1848 1744 magnitudine
1876 1676 1934 1725 et
1960 1668 2137 1725 animi
2166 1677 2226 1725 et
2252 1668 2498 1741 consilii,
2523 1669 2602 1727 le-

620 1773 780 1840 gatos
819 1762 894 1819 ad
932 1778 1025 1820 me
1065 1763 1221 1819 misit
1258 1781 1322 1820 se
1363 1782 1494 1821 cum
1522 1764 1785 1821 omnibus
1815 1764 1933 1821 suis
1960 1764 2138 1840 copiis
2165 1766 2223 1821 in
2252 1783 2385 1822 mea
2413 1772 2602 1823 castra

620 1876 747 1918 asse
776 1867 1098 1917 venturum.
1183 1856 1364 1935 Cujus
1404 1878 1513 1937 ego
1541 1860 1728 1918 studio
1756 1860 2061 1937 officioque·
2079 1872 2395 1934 commotus
2425 1861 2520 1939 egi
2547 1860 2601 1921 ei

542 1970 605 2018 15
622 1975 728 2034 per
773 1956 990 2014 litteras
1039 1955 1270 2033 gratim,
1316 1957 1492 2032 idque
1539 1965 1605 2014 ut
1647 1965 1978 2028 maturaret,
2020 1958 2273 2016 hortatus
2315 1977 2463 2015 sum.
2549 1958 2601 2016 6.

622 2053 818 2128 Quum
847 2062 1039 2110 autem
1066 2052 1139 2110 ad
1170 2049 1438 2130 Cybistra
1467 2063 1702 2129 propter
1728 2054 2003 2111 rationem
2032 2054 2164 2111 belli
2193 2055 2451 2130 quinque
2478 2054 2602 2113 dies

620 2168 806 2209 essem
824 2143 1143 2220 ‘moratu8‚¹’
1163 2166 1360 2224 regem
1379 2149 1851 2221 Ariobarzanem,
1869 2149 2032 2225 cujus
2055 2152 2297 2208 salutem
2319 2170 2357 2208 a
2379 2149 2601 2223 senatu,

619 2253 679 2302 te
730 2253 978 2314 auctore,
1022 2243 1476 2301 commendatam
1529 2243 1830 2317 habebam,
1883 2242 2324 2321 ‘praesentibus‘
2376 2247 2603 2305 insidiis

619 2340 1056 2415 necopinantem
1095 2338 1376 2406 liberavi3
1418 2357 1610 2413 neque
1651 2340 1835 2397 solum
1861 2341 1916 2398 ei
1958 2341 2124 2399 saluti
2150 2340 2254 2412 sui,
2281 2342 2384 2400 sed
2427 2344 2601 2400 etiam

541 2448 608 2496 20
627 2434 842 2503 curavi,
871 2443 933 2490 ut
959 2449 1089 2490 cum
1129 2434 1465 2491 auctoritate
1506 2442 1789 2509 regnaret.
1871 2435 2124 2493 Metram
2151 2444 2212 2494 et
2246 2453 2398 2506 eum,
2428 2456 2601 2513 quem

620 2540 682 2589 tu
725 2530 865 2587 mihi
904 2530 1208 2605 diligenter
1247 2531 1695 2602 commendaras,
1735 2532 2121 2604 Athenaeum,
2165 2533 2596 2609 importunitate

621 2626 962 2684 Athenaidis
1003 2626 1209 2685 exsilio
1249 2625 1534 2696 multatos,
1562 2627 1817 2685 maxima
1843 2628 1999 2703 apud
2026 2647 2220 2705 regem
2261 2631 2600 2688 auctoritate

621 2723 919 2799 gratiaque
960 2723 1240 2780 constitui.
1326 2720 1636 2796 Quumque
1664 2740 1937 2798 magnum
1964 2724 2175 2781 bellum
2205 2724 2267 2780 in
2299 2723 2603 2801 Cappado-

621 2819 713 2877 cia
738 2820 1129 2888 concitaretur,
1154 2819 1204 2876 si
1228 2812 1515 2874 ⁰sacerdos
1537 2818 1713 2875 armis
1734 2836 1812 2889 se,
1831 2819 1980 2894 quod
2000 2818 2254 2878 facturus
2274 2822 2605 2896 putabatur,

542 2929 607 2976 25
627 2915 974 2987 defenderet,
1022 2916 1352 2974 adolescens
1407 2924 1468 2972 ct
1509 2915 1763 2989 equitatu
1822 2924 1881 2972 et
1930 2916 2183 2991 peditatu
2239 2925 2299 2975 et
2362 2919 2605 2994 pecunia¹

623 3022 858 3087 paratus
897 3031 974 3069 ex
1013 3020 1133 3069 toto
1171 3010 1261 3081 iis,
1289 3011 1387 3086 qui
1430 3011 1633 3068 novari
1662 3011 1879 3085 aliquid
1907 3011 2191 3082 volebant,
2219 3012 2457 3087 perfeci,
2483 3022 2548 3071 ut
2570 3031 2605 3070 e

621 3127 801 3186 regno
826 3111 922 3168 ille
950 3109 1267 3167 discederet
1297 3127 1519 3184 rexque
1552 3108 1673 3164 sine
1706 3107 1947 3163 tumultu
1979 3125 2048 3164 ac
2072 3107 2196 3164 sine
2223 3109 2423 3179 armis,
2450 3107 2604 3166 omni

624 3207 957 3263 auctoritate
985 3205 1150 3263 aulae
1179 3204 1540 3274 communita,
1562 3219 1808 3277 regnum
1847 3220 1977 3259 cum
2006 3202 2281 3277 dignitate
2304 3205 2604 3262 obtineret.

625 3303 680 3362 7.
720 3303 952 3364 Interea
994 3306 1233 3382 cognovi
1277 3305 1585 3363 multorum
1634 3301 1837 3358 litteris
1886 3303 2058 3374 atque
2101 3299 2318 3357 nuntiis
2367 3313 2606 3377 magnas

544 3414 610 3463 80
627 3401 976 3461 Parthorum
1004 3403 1196 3479 copias
1219 3413 1278 3462 et
1296 3402 1557 3461 Arabum
1587 3400 1661 3459 ad
1701 3397 1975 3475 oppidum
2005 3393 2392 3453 Antiocheam
2420 3415 2607 3456 acces·-

624 3499 769 3558 sisse
795 3518 1181 3577 magnumque
1203 3519 1397 3557 eorum
1429 3500 1758 3574 equitatum,
1789 3494 1887 3569 qui
1916 3493 1974 3549 in
2011 3488 2274 3549 Ciliciam
2296 3493 2605 3562 transisset,

626 3599 699 3655 ab
721 3599 977 3674 equitum
1004 3616 1261 3656 meorum
1287 3598 1489 3655 turmis
1518 3604 1574 3654 et
1601 3615 1639 3654 a
1678 3595 1908 3654 cohorte
1954 3590 2255 3669 praetoria,
2292 3607 2447 3663 quae
2487 3593 2605 3646 erat

627 3692 1006 3739 Eninlmnnan
1037 3691 1299 3739 rur-amiati
1331 3711 1520 3740 omma„
1542 3690 1831 3739 nonidinna
1855 3690 2119 3739 ominum.
2209 3683 2409 3739 Quare
2432 3701 2604 3739 ouum
