2885 3782
761 386 891 430 PRO
932 386 986 428 r.
1028 365 1230 430 Almo
1273 383 1540 444 mnomt,
1584 386 1724 430 cu.
1765 386 1827 427 v.
2196 339 2313 423 fis?

269 541 446 605 inulta
474 541 621 618 sunt,
649 547 804 606 c'erte
832 545 972 605 illud
1001 557 1086 606 est
1111 567 1225 605 non
1255 545 1421 606 modo
1441 545 1682 623 justum,
1704 541 1905 604 verum
1933 544 2107 603 etiam
2134 537 2235 600 neL

268 645 594 712 cessarium,
623 659 801 719 quum
841 645 900 701 vi
941 644 1030 702 vis
1069 643 1231 702 illata
1256 645 1596 702 defenditur.
1679 643 2028 701 Pudicitiam
2057 657 2233 716 quum

267 740 517 814 eriperet
542 737 707 797 militi
738 739 1000 798 tribunus
1029 740 1288 798 militaris
1316 740 1378 797 in
1405 739 1663 798 exercitu
1696 737 1763 798 C.
1791 737 1984 808 Marii,
2005 737 2236 813 propin-

265 845 415 911 quus
457 833 996 911 ejusimperatorls,
1023 836 1354 894 interfectus
1395 837 1469 894 ab
1508 854 1579 894 eo
1619 843 1723 905 est,
1751 835 1843 893 cui
1871 835 1989 891 vim
2032 831 2235 891 affere-

265 932 398 998 batz
426 919 628 989 ‘facere
669 930 821 988 enim
851 932 1064 1007 probus
1104 931 1433 990 adolescens
1462 932 1778 1009 periculose
1806 950 1980 1006 quam
2009 928 2231 1006 perpeti
2278 940 2310 988 u

263 1027 517 1102 turpiter
540 1025 759 1084 maluit.
828 1027 1026 1102 Atque
1053 1025 1204 1084 hunc
1231 1027 1328 1085 ille
1357 1045 1610 1085 summus
1638 1028 1729 1084 vir
1748 1026 1962 1084 scelere
1984 1019 2231 1083 solutum*

266 1114 522 1198 periculo
548 1123 830 1181 liberavit.
903 1124 993 1181 10.
1031 1119 1358 1182 Insidiatori
1385 1143 1525 1182 vero
1553 1134 1610 1182 et
1635 1121 1841 1182 latroni
1868 1141 2015 1198 quae
2045 1111 2235 1200 potest

265 1217 474 1277 inferri·
493 1217 704 1294 injusta
729 1217 896 1277 nex?
976 1215 1478 1293 Quid'comitatus
1517 1222 1712 1292 nostri,
1741 1219 1877 1296 quid
1917 1220 2089 1296 gladii
2132 1237 2257 1300 νος

266 1313 445 1373 lunt?
484 1333 625 1390 quos
666 1316 876 1373 habere
916 1324 1072 1374 certe
1111 1334 1226 1375 non
1267 1315 1483 1389 liceret,
1512 1317 1560 1375 si
1602 1318 1684 1374 uti
1725 1316 1836 1376 illis
1872 1315 2029 1373 nullo
2066 1311 2234 1392 pacto

266 1407 486 1470 liceret.
567 1410 679 1470 Est
705 1413 894 1490 ‘igitur
929 1414 1090 1485 haee,
1121 1411 1364 1489 judices,
1390 1434 1507 1472 non
1547 1415 1772 1491 scripta,
1800 1413 1901 1472 sed
1939 1419 2079 1472 nata
2116 1412 2232 1482 lex,
2252 1417 2314 1470 ιθ

268 1525 443 1583 quam
485 1526 601 1566 non
640 1495 954 1580 didicimu3‚
991 1512 1332 1587 accepimus,
1374 1511 1634 1588 legimuS‚
1672 1529 1875 1568 verum
1915 1529 1992 1567 ex
2032 1519 2237 1568 natura

267 1603 396 1680 ipsa
422 1605 782 1681 arripuimuS‚
810 1605 1120 1676 hausimus,
1150 1603 1554 1682 expressimu5‚
1584 1607 1658 1664 ad
1699 1625 1870 1681 quam
1911 1607 2023 1662 nori
2066 1604 2237 1676 docti,'

267 1701 371 1759 'sed
397 1701 556 1770 facti,
581 1719 696 1758 non
723 1701 986 1773 instituti,
1015 1701 1117 1760 sed
1145 1703 1351 1760 imbuti
1379 1722 1589 1775 sumus,
1614 1692 1697 1772 ut,
1725 1703 1773 1760 si
1801 1704 1920 1761 vita
1955 1709 2150 1760 nostra
2175 1701 2236 1758 in

265 1795 492 1872 aliquas
521 1797 771 1869 insidias,
801 1797 849 1854 si
877 1798 935 1854 in
964 1798 1082 1854 vim
1111 1809 1169 1856 et
1194 1799 1253 1855 in
1281 1798 1400 1856 tela
1426 1809 1527 1857 aut
1555 1798 1836 1856 latronum
1864 1807 1961 1856 aut
1983 1796 2237 1854 inimico-

267 1891 402 1951 rum
427 1893 733 1962 incidisset,
755 1893 938 1951 omnis
965 1895 1204 1953 honesta
1229 1894 1376 1953 ratio
1411 1905 1561 1953 esset
1594 1895 1987 1971 expediendae
2015 1891 2233 1951 salutis.
2254 1877 2315 1953 u}

271 1984 463 2049 silent
489 1988 637 2046 enim
668 1989 822 2066 leges
849 1989 1000 2046 inter
1025 2008 1185 2048 anna
1212 2009 1318 2048 nec
1342 1986 1425 2049 ¹se
1457 1982 1779 2068 exspectari
1800 1994 1805 2001 ’
1811 1988 2032 2066 jubent,
2061 2004 2238 2065 quum

245 2088 342 2158 ·ei‚
370 2087 471 2163 qui
515 2098 850 2162 exspectare
892 2086 1049 2157 velit,
1077 2096 1210 2144 ante
1252 2087 1461 2163 injusta
1503 2094 1693 2164 poena'
1726 2087 1938 2145 luenda
1965 2087 2037 2144 sit
2063 2104 2237 2162 quam

259 2182 426 2261 justa
453 2182 779 2259 repetenda.
865 2185 956 2241 11.
994 2180 1146 2241 ’Etsi
1188 2185 1580 2261 persapienter
1620 2194 1677 2242 et
1717 2184 2130 2260 quodammodo
2158 2193 2241 2240 ta-

270 2281 383 2339 cite
426 2280 529 2338 dat.
569 2276 690 2355 ipsa
730 2280 827 2337 lex
868 2290 1206 2356 potestatem
1246 2280 1607 2351 desendendi,
1635 2299 1780 2356 quae
1808 2300 1921 2338 non
1949 2279 2240 2338 hominem

267 2375 486 2446 occidi,
502 2376 602 2432 sed
640 2392 767 2433 esse
807 2392 938 2433 cum
979 2375 1095 2433 telo
1132 2376 1376 2434 hominis
1415 2376 1710 2435 occidendi
1739 2392 1911 2434 causa
1939 2383 2108 2445 vetat,
2135 2370 2265 2446 ⁸ut,
2255 2387 2320 2434 20

267 2486 454 2547 quum
482 2490 671 2548 causa,
698 2490 812 2529 non
839 2471 1017 2529 telum
1046 2481 1433 2547 quaereretur,
1461 2473 1560 2555 qui
1587 2471 1672 2529 sui
1701 2470 2040 2529 defendendi
2069 2488 2243 2529 eausa.

268 2569 391 2627 telo
417 2576 570 2625 esset
595 2585 746 2638 usus,
775 2586 886 2625 non
926 2568 1172 2626 hominis
1212 2568 1504 2626 occidendi
1544 2586 1716 2627 causa
1756 2567 2021 2624 habuisse
2062 2567 2241 2624 telum

260 2660 641 2741 judicaretur.
725 2664 1091 2742 Quapropter
1115 2661 1246 2723 ‘hoc
1273 2665 1547 2723 maneat·
1531 2683 1589 2721 m
1618 2683 1751 2722 caus
1754 2683 1806 2734 a,
1825 2663 2087 2739 judice53
2125 2680 2240 2720 non

270 2762 428 2821 {mim
471 2760 684 2831 dubit0,'
712 2760 852 2837 quin
895 2762 1233 2837 probaturus
1276 2762 1383 2819 sim
1426 2751 1588 2818 vobis
1618 2759 2005 2819 defensionem
2035 2778 2239 2831 meam,

270 2856 321 2915 si
339 2858 413 2915 'id
441 2857 830 2929 memineritiS,
851 2856 1006 2934 quod
1034 2856 1292 2915 oblivisci
1321 2874 1436 2915 non
1465 2857 1716 2934 potestis,
1744 2856 2127 2914 insidiatorem
2155 2857 2239 2912 in·
2255 2864 2320 2916 2⁸

271 2954 456 3012 terflci
481 2952 611 3029 jure
638 2972 820 3029 posse.

354 3048 430 3109 V.
516 3051 610 3108 12.
629 3045 928 3126 ¹Sequitur
951 3048 1109 3118 illud,
1138 3047 1289 3125 quod
1315 3066 1352 3108 a
1378 3046 1615 3107 Milonis
1642 3046 1885 3106 inimicis
1913 3046 2242 3123 saepissime

273 3146 500 3219 dicitur,
528 3147 823 3217 caedem‚'
806 3166 864 3204 ιιι
892 3166 1005 3223 qua
1035 3144 1104 3203 P.
1137 3144 1370 3205 Clodius
1404 3144 1623 3204 occisus
1661 3162 1721 3203 es
1727 3154 1765 3216 t,
1793 3152 2055 3201 senatum
2088 3140 2244 3218 judi-

273 3252 447 3331 casse,
474 3243 699 3304 'contra
725 3262 845 3302 rem
873 3245 1161 3322 publicam
1191 3261 1315 3303 esse
1344 3243 1568 3302 factam.
1651 3240 1821 3299 Illam
1850 3256 1987 3297 vero
2014 3249 2243 3297 senatus

270 3360 381 3401 non
433 3340 734 3401 sententiis
782 3343 896 3399 suis
940 3340 1142 3411 solum,
1191 3339 1293 3399 sed
1343 3340 1517 3397 etiam
1561 3333 1785 3395 ⁸studiis
1834 3333 2239 3411 comprobavit.
2258 3330 2331 3393 εὐ

270 3439 515 3506 Quoties
554 3434 711 3496 enim
751 3444 839 3495 est
877 3437 974 3495 illa
1014 3453 1191 3495 causa
1231 3456 1266 3496 a
1304 3437 1472 3494 nobis
1514 3444 1645 3493 acta
1670 3437 1730 3492 in
1758 3430 1994 3490 senatu!
2036 3431 2244 3505 quibus
