2885 3782
1100 425 1167 469 κ.
1210 425 1470 470 enom.
2194 413 2313 473 315

249 605 286 647 a
325 585 544 646 finibus
592 603 719 645 esso
771 582 1022 659 Ciliciae,
1068 606 1244 663 quam
1299 589 1458 664 potui
1505 590 1774 649 maximis
1821 590 2116 651 itineribus
2159 591 2237 653 ad

247 683 543 745 Amanum
567 682 888 741 exercitum
915 683 1075 742 duxi.
1159 682 1291 758 Quo
1314 694 1375 741 ut
1398 685 1549 757 veni,
1577 686 1795 744 hostem
1817 688 1889 745 ab
1912 687 2235 749 Antiochea

245 780 564 850 recessisse,
615 774 915 838 'Bibulum
965 779 1326 838 Antiocheae
1376 799 1505 841 esse
1549 782 1828 857 cognovi:
1893 781 2237 845 Deiotarum

243 875 540 937 confestim
583 875 711 953 jam
753 876 829 936 ad
867 894 960 934 me
990 875 1313 934 venientem
1341 895 1472 934 cum
1499 895 1710 953 magno
1737 888 1795 936 et
1822 878 2001 937 firmo·
2014 880 2234 955 equita·

244 982 302 1030 m
327 981 386 1030 et
423 972 691 1049 peditatu
735 981 797 1031 et
834 989 965 1030 cum
989 971 1255 1031 omnibus
1296 972 1415 1028 suis
1444 972 1622 1048 copiis
1649 973 1948 1031 certiorem
1980 973 2091 1033 feci
2117 994 2235 1034 non.
2276 988 2309 1037 ⁶

241 1068 423 1127 videri
472 1088 605 1128 esse
650 1086 901 1140 cauam,
948 1086 1052 1126 cur
1097 1067 1326 1125 abesset
1370 1086 1408 1125 a
1444 1086 1640 1145 regno,
1667 1087 1876 1144 meque
1902 1069 1978 1127 ad
2004 1072 2235 1142 eum,si

241 1164 374 1239 qnid
402 1165 544 1223 novi
571 1163 725 1224 forte
745 1164 1057 1235 accidisset,
1085 1163 1279 1221 statim
1306 1162 1528 1221 litteras
1555 1163 1895 1239 nuntiosque
1922 1165 2230 1225 missurum

241 1277 379 1318 esse.
461 1262 521 1319 8.
566 1259 880 1337 Quumque
908 1280 977 1320 eo
1003 1259 1197 1319 animo
1217 1259 1524 1330 venissem,
1543 1269 1608 1317 ut
1629 1260 1857 1335 utrique
1885 1261 2233 1337 provinciae,

239 1356 288 1414 si
325 1356 409 1415 ita
455 1366 698 1433 tempus
737 1356 928 1430 ferret,
955 1355 1339 1427 subvenirem,
1368 1365 1492 1412 tum
1517 1354 1594 1427 id,
1621 1355 1774 1430 quod
1805 1353 1927 1429 jam
1957 1366 2090 1413 ante
2117 1366 2231 1415 sta-

239 1461 462 1511 tueram
519 1454 899 1511 vehementer
947 1453 1227 1515 interesse
1281 1451 1579 1527 utriusque
1616 1450 1965 1527 provinciae,
2015 1464 2308 1527 pacarem

236 1547 540 1607 Amanum
579 1558 642 1607 et
684 1558 1017 1626 perpetuum
1058 1550 1281 1609 hostem
1322 1567 1402 1606 ex
1442 1565 1515 1605 eo
1553 1555 1747 1605 monte
1794 1545 2011 1617 tollere,
2050 1566 2227 1624 agere

237 1645 494 1719 perrexi.
583 1643 899 1721 Quumque
935 1665 1029 1705 me
1068 1645 1365 1707 discedere
1404 1646 1480 1703 ab
1522 1663 1592 1703 eo
1632 1651 1825 1702 monte
1865 1641 2226 1703 simulassem

237 1750 296 1800 et
337 1742 496 1800 alias
540 1753 737 1818 partes
781 1740 1015 1803 Ciliciae
1059 1753 1274 1820 petere,
1319 1744 1699 1817 abessemque
1740 1741 1815 1799 ab
1860 1741 2091 1799 Amano
2118 1741 2229 1799 iter

237 1838 406 1898 unius
459 1837 601 1906 diei,
635 1847 695 1896 et
730 1849 918 1898 eastra
957 1839 1112 1915 apud
1139 1838 1543 1916 Epiphaneam
1572 1836 1853 1909 fecissem,
1880 1855 1933 1895 a.
1975 1837 2030 1895 d.
2070 1834 2227 1895 1111.

235 1932 376 1994 Idus
419 1932 728 2004 Octobres,
752 1953 930 2011 quum
967 1935 1497 2012 advesperasceret,
1533 1935 1807 2012 expedito
1845 1934 2100 2008 exercitu
2141 1934 2227 1994 ita
2246 1947 2306 1996 15

237 2037 411 2088 noctu
455 2029 573 2087 iter
613 2027 737 2100 feci,
774 2039 839 2090 ut
877 2049 930 2088 a.
970 2030 1026 2089 d.
1065 2030 1181 2089 111.
1210 2030 1350 2089 Idus
1379 2028 1675 2102 Octobres,
1703 2050 1881 2107 quum
1908 2031 2227 2104 luciseeret,

237 2125 297 2184 in
321 2125 633 2184 Amanum
661 2126 1043 2199 ascenderem,
1069 2127 1500 2203 distributisque
1530 2128 1853 2187 cohortibus
1880 2137 1940 2186 et
1968 2128 2223 2200 auxiliis,

236 2239 422 2298 quum
450 2221 585 2280 aliis
615 2219 686 2295 Q.
712 2220 892 2281 frater
916 2221 1137 2299 legatus
1164 2242 1388 2282 mecum
1410 2224 1599 2294 simul,
1614 2224 1740 2282 aliis
1767 2222 1832 2284 C.
1864 2223 2226 2302 Pomptinius

237 2317 488 2396 legatus,
514 2317 750 2392 reliquis
775 2317 862 2376 M.
891 2317 1155 2378 Anneius
1182 2330 1241 2378 et
1267 2319 1338 2377 L.
1367 2320 1629 2380 Tulleius
1658 2322 1830 2433 legati
1858 2333 2226 2400 praeessent;

237 2414 554 2489 plerosque
595 2414 1000 2490 necopinantes
1023 2416 1428 2493 oppressimus,
1455 2418 1555 2493 qui
1580 2418 1752 2478 occisi
1782 2420 2048 2496 captique
2074 2429 2305 2492 sunum

236 2509 543 2567 interclusi
569 2508 721 2585 fuga.
801 2510 1060 2569 Eranam
1086 2522 1300 2583 nutem,
1320 2532 1472 2589 quae
1501 2514 1611 2574 fuit
1636 2535 1753 2574 non
1774 2517 1887 2576 vici
1908 2518 2101 2589 instar,
2120 2517 2226 2576 sed

236 2607 413 2678 urbis,
442 2605 600 2680 quod
640 2614 765 2664 erat
791 2605 1008 2664 Amani
1045 2617 1238 2684 caput,
1263 2610 1516 2686 itemque
1559 2610 1845 2689 Sepyram
1873 2621 1933 2671 et
1962 2611 2227 2672 Commo-

235 2700 360 2773 rim,
402 2701 620 2759 acriter
667 2710 728 2759 et
767 2702 868 2760 diu
918 2705 1385 2780 repugnantibus,
1427 2706 1759 2784 Pomptinio
1798 2709 1963 2770 illam
1999 2717 2227 2785 partem

235 2797 457 2857 Amani
492 2807 741 2870 tenente,
763 2816 846 2857 ex
871 2799 1212 2860 antelucano
1253 2809 1510 2878 tempore
1553 2823 1736 2879 usque
1763 2806 1838 2866 ad
1880 2806 2077 2864 horam
2104 2803 2224 2863 diei

236 2894 539 2965 decimam,
577 2912 792 2970 magna
827 2894 1191 2958 multitudine
1231 2898 1483 2958 bostium
1521 2901 1747 2972 occisa‚·
1766 2901 2057 2977 cepimus3
2098 2911 2303 2962 cas-25

235 2990 488 3066 tellaque
521 3010 633 3050 sex
670 2999 878 3066 (Ἀρίας
916 2993 1212 3069 complura
1248 2995 1627 3056 incendimus.
1706 2996 1761 3053 9.
1804 2997 1916 3055 His
1942 2997 2113 3055 rebus
2140 2994 2224 3054 ita

233 3088 425 3164 gestis,
452 3099 643 3146 castra
669 3087 731 3145 in
759 3087 1047 3148 radicibus
1072 3089 1286 3150 Amani
1329 3093 1637 3151 habuimus
1661 3094 1818 3169 apud
1856 3093 2015 3151 Aras
2039 3091 2225 3149 Alex·

233 3183 396 3242 andri
436 3184 831 3259 quatriduum,
871 3192 931 3241 et
976 3185 1038 3242 in
1079 3187 1337 3263 reliquiis
1377 3183 1618 3248 ⁸Amani
1659 3188 1913 3248 delendis
1953 3187 2222 3264 agrisque

239 3279 540 3348 mmdis,
564 3298 721 3356 quae
749 3296 888 3354 pars
916 3276 1043 3353 ejus
1067 3284 1276 3341 montis
1301 3300 1467 3341 meae
1508 3282 1839 3361 provinciae
1866 3291 1970 3352 est,
1997 3281 2055 3338 id
2083 3290 2224 3337 tem-

241 3390 338 3447 pus
355 3392 523 3433 omne
542 3372 1030 3448 consumpsimus,
1100 3377 1190 3436 10.
1225 3375 1514 3437 Confectis
1538 3376 1627 3436 bis
1643 3378 1831 3448 rebus,
1850 3377 1924 3436 ad
1944 3374 2219 3452 oppidum
2234 3385 2307 3434 80

244 3467 787 3532 Eleutherocilicum
813 3468 1221 3536 Pindenissum
1242 3473 1803 3536 exercitumadduxi
1826 3495 1843 3535 ε
1870 3472 2021 3535 cuod
2044 3487 2221 3535 uuum
