2885 3782
620 434 738 494 790
1527 453 1766 497 omno

697 609 996 687 integritas
1048 631 1117 671 ac
1169 613 1328 672 fides.
1409 613 1465 671 3.
1508 612 1739 671 Bellum
1794 612 1984 671 subito
2030 610 2286 679 exarsit3
2348 610 2521 686 quod,
2575 611 2669 686 qui

698 714 868 765 erant
911 707 970 763 in
1013 707 1229 776 Africa,
1284 718 1417 767 ante
1478 709 1784 767 audierunt
1824 708 1946 784 geri
1987 726 2162 783 quam
2218 709 2433 783 pai-ari.
2544 706 2670 782 Quo

697 803 906 874 audito,
929 804 1136 880 partim
1165 801 1519 881 1²cupiditate
1547 804 1980 874 inconsiderata,
1998 805 2207 880 partim
2224 823 2402 862 caeco
2429 805 2672 879 quodam

697 894 960 968 ntimore,
989 900 1170 975 primo
1197 898 1455 970 ¹¹salutis‚
1485 909 1613 976 post
1653 900 1828 957 etiam
1873 900 2043 956 studii
2073 899 2159 956 sui
2188 903 2554 980 quaerebant
2576 899 2673 959 ali·

645 1008 869 1070 squem
918 995 1162 1064 ducem;
1192 1001 1397 1070 'quum
1455 991 1723 1072 Ligarius
1776 995 2008 1052 domurn
2064 1003 2351 1070 spectans,
2407 995 2485 1054 ad
2548 1015 2673 1054 suos

698 1091 887 1149 redire
915 1091 1166 1167 cupiens,
1194 1091 1351 1149 nullo
1378 1110 1440 1149 se
1470 1091 1751 1167 implicari
1779 1091 2006 1167 negotio
2028 1109 2229 1167 passus
2261 1101 2370 1149 est.
2436 1092 2672 1150 Interim

700 1187 772 1247 P.
801 1188 998 1246 Attius
1023 1185 1275 1260 ”Varus
1303 1187 1403 1264 qui
1431 1184 1704 1268 ¹⁶praetor
1743 1187 2002 1247 Africam
2033 1188 2378 1258 obtinuerat,
2404 1184 2671 1248 ”Uticam

698 1288 895 1345 venit?
935 1286 1009 1344 ad
1047 1305 1179 1344 eum
1231 1287 1421 1343 statim
1463 1291 1801 1345 concursum
1842 1295 1948 1344 est.
2030 1285 2228 1361 Atque
2256 1285 2357 1342 ille
2403 1304 2519 1342 non
2563 1302 2673 1342 me-

697 1384 875 1443 diocri
924 1383 1233 1459 cupiditate
1277 1383 1522 1459 arripuit
1562 1382 1883 1460 imperium,
1927 1383 1976 1439 si
2017 1381 2157 1439 illud
2198 1381 2510 1457 imperium
2555 1399 2673 1438 esse
2770 1433 2781 1446 ,

624 1491 685 1540 10
701 1479 901 1557 potuit,
943 1479 1095 1554 quod
1152 1477 1375 1553 priv'ato
1426 1480 1674 1537 clamore
1732 1477 2106 1536 multitudinis
2152 1478 2478 1553 imperitae,
2525 1476 2674 1535 nullo

699 1575 928 1653 publico
979 1571 1255 1633 ¹”consilio
1325 1575 1710 1634 deferebatur.
1834 1578 1889 1634 4.
1956 1575 2162 1651 Itaque
2238 1574 2530 1650 Ligurius,
2580 1573 2673 1649 qni

701 1690 870 1730 omne
900 1670 1012 1729 tale
1052 1672 1348 1748 negotium
1374 1668 1656 1749 ¹¹’cuperet
1694 1671 1965 1748 effugere,
1993 1671 2225 1748 paulum
2252 1671 2513 1729 adventu
2538 1668 2670 1728 Vari

700 1767 1043 1843 conquievit.

783 1863 867 1922 ΙΙ.
946 1865 1174 1937 Adhuc,
1228 1863 1292 1925 C.
1339 1863 1570 1938 Caesar,
1629 1863 1701 1940 Q.
1757 1860 2024 1942 Ligarius
2071 1864 2227 1922 omni
2275 1863 2453 1940 culpa
2498 1869 2669 1922 vacat.

625 1977 687 2023 15
709 1961 898 2020 Domo
935 1970 1027 2019 est
1068 1980 1329 2039 egressus
1370 1982 1485 2021 non
1525 1962 1695 2020 modo
1722 1961 1943 2019 nullum
1983 1961 2058 2019 ad
2087 1960 2324 2029 bellum,
2352 1960 2459 2018 sed
2498 1978 2571 2018 ne
2606 1959 2670 2017 sd

700 2058 997 2116 minimam
1040 2059 1271 2133 quidem
1302 2058 1683 2134 suspicionem
1722 2056 1894 2115 belli:
1935 2057 2159 2133 legatus
2185 2056 2246 2113 in
2276 2075 2426 2131 pace
2470 2053 2671 2132 profec-

702 2162 812 2225 tus,
839 2153 899 2211 in
939 2155 1234 2232 provincia
1261 2154 1625 2230 pacatissima
1664 2154 1748 2212 ita
1786 2173 1849 2212 se
1890 2153 2081 2231 gessit,
2110 2160 2177 2210 ut
2216 2153 2272 2210 ei
2312 2172 2524 2228 pacem
2560 2169 2671 2209 esse

703 2251 1017 2329 expediret.
1100 2249 1388 2311 Profectio
1430 2259 1588 2309 certe
1631 2250 1887 2308 animum
1927 2261 2087 2307 tuum
2135 2267 2251 2305 non
2294 2248 2475 2306 debet
2514 2246 2672 2306 offm-

705 2346 878 2405 dere:
919 2366 1057 2404 num
1098 2347 1273 2423 igitur
1313 2343 1652 2405 remansio?
1733 2345 1925 2403 Multo
1964 2346 2187 2413 minus;
2242 2363 2381 2403 nam
2414 2343 2673 2421 profectio

625 2456 693 2506 20
717 2445 1072 2503 voluntatem
1097 2445 1296 2502 habuit
1321 2463 1434 2501 non
1465 2454 1708 2519 turpem,
1739 2441 2022 2500 remansio
2047 2437 2482 2499 ¹necessitatem
2508 2441 2671 2499 etiam

705 2542 1019 2599 honestam.
1103 2539 1262 2615 Ergo
1291 2539 1433 2597 haec
1461 2539 1574 2597 duo
1617 2548 1877 2614 tempora
1915 2546 2111 2596 carent
2150 2537 2436 2594 crimine:
2494 2554 2678 2605 unum,

707 2656 885 2714 quum
915 2646 1003 2694 est
1029 2636 1251 2714 legatus
1273 2634 1579 2711 profectu&
1607 2634 1871 2704 alterum,
1900 2651 2075 2708 quum
2115 2630 2470 2707 efflagitatus
2496 2652 2537 2690 a
2560 2650 2677 2708 pro-

707 2734 901 2792 vincia
925 2733 1281 2809 praepositus
1311 2731 1549 2789 Africae
1577 2740 1680 2787 est.
1749 2729 1806 2786 5.
1843 2728 2104 2787 Tertium
2133 2736 2367 2803 tempus
2390 2725 2523 2798 'mg
2542 2727 2678 2803 quod

708 2840 837 2908 post
877 2830 1187 2889 adventum
1219 2826 1364 2885 Vari
1393 2827 1455 2883 in
1484 2825 1688 2884 Africa
1731 2825 1976 2893 restitit;
2016 2824 2166 2900 quod
2195 2823 2245 2881 si
2289 2834 2381 2881 est
2429 2824 2683 2882 crimino·

628 2940 696 2989 25
716 2946 860 2999 sum,
911 2925 1264 2984 necessitatis
1325 2923 1541 2980 crimen
1599 2936 1702 2993 est,
1760 2941 1874 2979 non
1927 2920 2291 2991 voluntatis..
2338 2919 2445 2977 An
2488 2921 2603 2989 ille,
2638 2919 2682 2975 si

710 3025 986 3102 potuisset
1026 3022 1140 3080 ullo
1190 3022 1356 3079 modo
1396 3020 1660 3089 evadere,
1689 3010 1898 3079 Uticae
1932 3036 2114 3093 ,quam
2146 3015 2392 3088 Romae,
2438 3036 2573 3074 cnm
2618 3015 2684 3073 P.

710 3119 875 3179 Attio
917 3140 1089 3197 quam
1129 3139 1261 3177 eum
1304 3115 1758 3176 concordissimis
1803 3112 2089 3183 fratribus
2140 3131 2274 3170 cum
2318 3112 2531 3170 alienis
2570 3126 2685 3170 eme

711 3236 886 3294 quam
914 3237 1046 3274 cum
1089 3218 1209 3274 suis
1244 3210 1591 3272 maluisset?
1674 3210 1871 3284 Quum
1919 3210 2044 3286 ipsa
2083 3207 2297 3285 legatio
2344 3209 2525 3284 plena
2550 3208 2687 3267 desi-

710 3313 854 3371 derii
895 3333 965 3371 ac
1004 3312 1397 3373 sollicitudinis
1444 3309 1646 3368 fuisset
1692 3320 1922 3384 propter
1960 3304 2352 3365 incredibilem
2404 3306 2689 3380 quendam

633 3420 699 3454 an
717 3407 953 3454 fratrum
999 3428 1263 3454 mrim-pm-
1292 3403 1409 3454 ⁸hin
1437 3425 1622 3454 nanno
1664 3404 1855 3454 animo
1894 3420 2020 3454 esse
2059 3401 2259 3454 onulfi.
2284 3399 2431 3454 beni
2459 3398 2686 3454 discidio
