2885 3782
763 324 891 368 rao
937 324 1107 367 enon
1146 323 1499 381 omnum,
1543 324 1681 367 car.
1723 325 1791 366 11.
2172 308 2292 373 eol

248 503 424 561 quum
460 504 619 546 more
662 485 941 562 maiorum
994 481 1107 545 ¹‘de
1150 504 1316 548 servo
1365 485 1429 543 in
1474 486 1762 548 dominum
1804 501 1879 544 ne
1922 485 2217 544 tormentis

248 582 477 657 quidem
516 583 715 658 quaeri
757 583 942 652 liceat,
969 582 1032 639 in
1071 600 1188 657 qua
1226 582 1557 657 quaestione
1584 582 1745 640 dolor
1783 583 1992 641 elicere
2022 601 2219 640 veram

250 696 446 736 vocem
472 679 648 755 possit
676 679 847 736 etiam
877 679 951 735 ab
979 677 1176 748 invito,
1203 687 1437 737 exortus
1466 688 1555 735 est
1586 697 1804 748 servuS,
1833 679 1933 754 qui
1959 698 2132 755 quem
2156 679 2217 736 in

247 775 443 833 eculeo
469 775 760 851 appellare
789 793 903 831 non
930 783 1137 850 posset,
1163 792 1298 831 eum
1322 784 1551 832 accuset
1577 769 1851 832 ¹⁷solutus.
2198 817 2203 822 ,

323 870 410 929 IL
494 873 547 929 4.
599 871 911 928 Perturbat
949 888 1061 941 me,
1104 867 1170 944 C.
1215 867 1446 939 Caesar,
1486 871 1657 928 etiam
1703 866 1867 928 ¹illud
1912 872 2214 943 interdum,
2267 884 2299 932 5

246 969 395 1044 quod
437 976 648 1038 tamen,
675 964 872 1044 'quum
913 975 972 1024 te
1013 966 1240 1043 penitus
1280 967 1601 1044 recognovi,
1641 966 1840 1025 timere
1881 968 2116 1036 desin03
2155 987 2220 1027 re

193 1119 202 1128 ,
247 1066 398 1123 enim
441 1065 696 1140 iniquum
728 1073 832 1134 est,
861 1063 960 1121 sed
999 1072 1102 1121 tua
1139 1064 1418 1139 sapientia
1457 1065 1520 1121 fit
1559 1065 1981 1139 aequissimum.
2062 1063 2223 1124 Nam

245 1162 435 1220 dicere
476 1162 628 1236 apud
669 1179 801 1218 eum
842 1160 913 1217 de
954 1158 1224 1230 facinore,
1264 1168 1465 1218 contra
1502 1158 1665 1234 cujus
1705 1160 1884 1218 vitam
1924 1158 2221 1220 consilium

247 1253 509 1314 facinoris
531 1256 702 1314 inisse
725 1253 1008 1331 ‘'arguas-e,
1027 1273 1203 1331 quum
1223 1274 1333 1332 per
1357 1275 1419 1314 se
1446 1256 1634 1332 ipsum
1661 1257 1996 1326 consideres,
2021 1253 2221 1332 ‘grave

247 1362 371 1421 est3
410 1372 577 1410 nemo
617 1354 770 1411 enim
810 1353 930 1410 sere
969 1361 1074 1425 est,
1100 1353 1199 1428 qui
1240 1353 1330 1411 sui
1369 1353 1609 1432 periculi
1640 1351 1841 1427 judex,
1867 1371 1981 1425 non
2018 1353 2124 1410 sibi
2156 1363 2304 1414 selo

245 1447 596 1526 “aequiorem
637 1469 810 1525 quam
849 1467 948 1508 reo
987 1451 1258 1525 praebeat
1275 1470 1292 1505 ε
1347 1450 1450 1508 sed
1489 1459 1609 1521 tua,
1652 1447 1885 1519 Caesar,
1925 1461 2223 1525 praestans

247 1546 667 1624 singularisque
707 1545 1108 1608 naturaliunc
1148 1546 1290 1604 mihi
1338 1557 1556 1604 metum
1606 1546 1847 1613 minuit3
1907 1564 2021 1603 non
2068 1545 2224 1623 enim

247 1653 364 1702 tam
412 1641 604 1713 timeo,
641 1641 778 1717 quid
824 1651 884 1699 tu
931 1642 1004 1700 de
1050 1660 1189 1718 rege
1225 1640 1517 1712 Deiotar0,
1559 1660 1733 1716 quam
1777 1640 2046 1716 intelligo,
2086 1639 2227 1716 quid

246 1738 321 1797 de
367 1747 429 1796 te
476 1747 692 1795 ceteros
736 1737 879 1795 velis
917 1735 1199 1819 judicare.
1280 1737 1336 1794 5.
1376 1736 1625 1794 Moveor
1662 1736 1837 1794 etiam
1875 1731 2005 1794 ⁶loci
2047 1735 2223 1811 ipsius

245 1834 568 1907 insolentia,
615 1833 767 1910 quod
819 1843 1036 1895 tantam
1081 1852 1328 1906 causam,
1373 1828 1612 1909 Tquanta
1656 1833 1819 1895 nulla¹
1862 1850 2114 1909 unquam
2159 1832 2219 1888 in
2242 1843 2302 1893 15

245 1932 659 2009 disceptatione
699 1940 928 1989 versata
967 1940 1069 2002 est,
1096 1931 1226 1989 dico
1263 1929 1415 1991 intra
1447 1929 1785 1988 domesticos
1808 1929 2072 2006 parietes,
2097 1928 2224 1986 dico

209 2077 216 2083 .
247 2038 421 2089 extra
446 2036 792 2087 conventum
818 2035 875 2084 et
902 2045 1030 2084 eam
1058 2024 1457 2102 frequentiam,
1482 2025 1543 2082 in
1572 2044 1689 2100 qua
1720 2034 2011 2082 oratorum
2037 2023 2227 2095 studia

197 2180 210 2195 ,
244 2124 355 2183 niti
383 2124 601 2183 solent:
642 2123 701 2179 in
731 2123 841 2180 tuis
868 2122 1062 2193 ocuIiS,
1089 2122 1152 2179 in
1191 2131 1289 2180 tuo
1328 2140 1429 2181 ore
1459 2121 1736 2197 vultuque
1765 2116 2125 2196 ⁸acquiesco;
2164 2128 2224 2179 te

199 2264 209 2291 ;
247 2237 430 2294 qnqm
458 2219 717 2289 intueor;
757 2218 831 2275 ad
859 2226 917 2274 te
943 2236 1124 2274 unum
1146 2217 1329 2276 omnis
1355 2236 1490 2276 mea
1515 2227 1733 2293 spectat
1756 2217 1953 2274 oratio.
2033 2212 2225 2290 ”Quae

191 2384 206 2397 ι
245 2316 394 2375 mihi
420 2316 495 2374 ad
521 2333 684 2391 spem
713 2314 1048 2371 obtinendae
1077 2313 1334 2371 veritatis
1359 2311 1697 2389 gravissima
1731 2321 1882 2382 sunt,
1908 2312 1981 2369 ad
2008 2321 2307 2371 motumw

195 2482 204 2493 .
243 2409 428 2473 animi
455 2422 514 2467 et
535 2409 613 2467 ad
641 2427 867 2467 omnem
887 2407 1163 2483 impetum
1183 2407 1408 2466 dicendi
1429 2407 1962 2482 contentionemque
1989 2407 2224 2465 leviora.

191 2550 206 2575 ,-
249 2506 312 2579 65
355 2505 527 2565 Hanc
552 2506 721 2575 enim,
752 2503 819 2562 C.
851 2502 1082 2574 Caesar,
1108 2522 1340 2563 causam
1380 2504 1431 2561 si
1469 2503 1530 2561 in
1571 2502 1693 2562 soro
1733 2504 2000 2575 dicerem,
2026 2503 2226 2561 eodem

195 2647 206 2657 .
243 2601 522 2661 audiente
562 2609 620 2657 et
659 2600 1016 2675 disceptante
1053 2608 1129 2670 te,
1156 2609 1430 2674 quantam
1470 2599 1612 2655 mihi
1652 2600 2005 2657 alacritatem
2031 2598 2228 2674 populi

247 2696 504 2756 Romani
550 2714 856 2754 concursus
897 2693 1162 2753 afferret!
1265 2693 1411 2767 Quis
1453 2695 1606 2752 enim
1655 2695 1796 2752 civis
1844 2695 1899 2753 ei
1946 2695 2068 2771 regi
2113 2712 2227 2751 non

244 2794 495 2863 (averet,
522 2790 687 2866 cujus
728 2809 954 2849 omnem
995 2798 1245 2847 aetatem
1283 2791 1343 2847 iu
1386 2790 1583 2865 populi
1613 2790 1857 2848 Romani
1898 2791 2063 2849 bellis
2095 2802 2307 2851 con-2³

242 2897 542 2965 sumptam
596 2905 721 2944 esse
787 2884 1189 2944 meminisset?
1298 2883 1634 2960 Spectarem
1688 2887 1923 2957 curiam,
1976 2886 2229 2943 intuerer

241 2986 459 3057 forum,
487 2984 709 3042 coelum
735 2984 978 3059 denique
1006 2993 1247 3041 testarer
1271 2982 1478 3058 ipsum.
1562 2980 1677 3052 Sic,
1703 3001 1880 3059 quum
1907 2992 1965 3040 et
1991 2983 2229 3041 deorum

183 3128 196 3137 .
242 3084 658 3144 immortalium
697 3089 757 3141 et
796 3081 989 3159 populi
1019 3079 1266 3141 Romani
1305 3088 1366 3137 et
1390 3088 1621 3137 senatus
1648 3080 1922 3138 beneficia
1948 3081 2005 3137 in
2032 3095 2229 3154 regem

246 3179 592 3241 Deiotarem
621 3180 962 3249 recordarer,
989 3175 1147 3251 nullo
1189 3175 1356 3233 modo
1396 3175 1537 3232 mihi
1578 3176 1775 3233 deesse
1818 3185 2009 3250 posset
2034 3175 2227 3233 oratio.

243 3278 306 3337 7.
380 3277 547 3353 Quae
599 3276 864 3350 quoniam
930 3272 1259 3351 angustiora
1325 3272 1571 3347 parietes
1636 3272 1869 3343 faciunt,
1924 3268 2223 3347 ¹⁰actioque
2243 3281 2311 3331 80

245 3379 543 3445 maximae
582 3393 788 3432 causae
827 3374 1156 3441 debilitatur
1181 3370 1324 3440 loco,
1351 3378 1513 3427 tuum
1540 3379 1645 3439 est,
1689 3368 1919 3436 Caesar,
1946 3365 2085 3444 ¹¹qui
2128 3384 2231 3445 pro

239 3477 448 3537 muhis
473 3489 648 3547 saepe
675 3471 885 3543 dixisti,
911 3469 1053 3548 quid
1079 3467 1224 3524 mihi
1264 3484 1416 3525 nunc
1456 3467 1630 3525 animi
1673 3468 1761 3537 sit,
1788 3462 1904 3522 12ad
1947 3474 2002 3522 te
2045 3465 2231 3540 ipsum

240 3573 486 3638 referre,
531 3585 648 3643 quo
686 3565 904 3626 facilius
944 3581 1124 3643 quum
1172 3562 1431 3639 aequitas
1481 3572 1595 3632 tua,
1633 3572 1755 3620 tum
1797 3559 2066 3617 audiendi
2105 3559 2232 3616 dili·

237 3669 446 3745 gentis
469 3665 692 3722 minuat
718 3662 862 3723 hanc
888 3659 1375 3740 perturbationem
1402 3677 1609 3716 meam.
