2885 3782
738 340 866 384 PRO
908 341 974 383 n.
1017 340 1388 402 MARCELLO,
1432 341 1574 383 cAP.
1616 341 1755 382 vm.
2171 324 2289 400 ⁷35

237 518 405 574 casus
432 499 793 578 incertosque
817 499 1027 576 ‘motus
1054 501 1398 577 valetudinis
1424 501 1656 568 sceleris
1681 503 1854 562 etiam
1881 501 2144 561 accedit
2125 521 2212 560 m-

237 597 634 673 sidiarumque
662 599 974 669 consensi0‚
1001 600 1176 674 quem
1214 599 1406 674 deum²
1434 598 1484 656 si
1511 598 1720 676 cupiat,
1747 617 1914 675 posse
1941 597 2245 676 opitulari·

236 693 323 754 rei
351 694 612 769 publicae
639 691 979 754 credamus?

317 788 497 848 Vm.
579 787 792 848 Omnia
818 799 951 847 sunt
977 790 1282 850 excitanda
1308 789 1429 864 tibi,
1461 787 1529 848 C.
1553 786 1782 860 Caesar,
1810 789 1927 861 uni,
1953 809 2100 866 quae
2121 788 2213 872 ja·

237 903 370 944 cere
408 885 604 957 sentis,
643 885 780 944 belli
821 885 1001 961 ipsius
1040 885 1275 962 impetu,
1315 885 1469 960 quod
1508 903 1742 942 necesse
1779 883 1905 955 fuit,
1942 885 2204 961 perculsa
2254 897 2293 966 ᾳ

236 989 412 1056 atque
433 989 746 1057 prostrata:
775 980 1170 1040 constituenda
1177 978 1413 1056 judicia,
1433 980 1754 1058 revocanda
1772 975 1950 1048 ¹fides,
1972 981 2212 1055 compri-

236 1079 482 1138 mendae
497 1079 779 1152 libidines,
796 1078 1167 1156 propaganda
1186 1078 1429 1146 suboles,
1448 1075 1662 1138 'omnia
1681 1097 1828 1154 quae
1847 1077 2069 1153 dilapsa
2085 1075 2211 1150 jam

238 1175 606 1236 defluxerunt
652 1175 869 1235 severis
914 1175 1140 1252 legibus
1178 1174 1480 1234 vincienda
1531 1183 1679 1231 sunt.
1764 1174 1857 1232 24.
1898 1169 2056 1229 '’Non
2104 1171 2212 1232 fuit

237 1273 620 1331 recusandum
661 1273 724 1330 in
768 1281 929 1332 tanto
956 1272 1113 1330 civili
1151 1272 1322 1343 bello,
1350 1280 1511 1330 tanto
1538 1271 1857 1330 animorum
1904 1267 2108 1332 ardbre
2152 1278 2213 1327 et

237 1386 550 1440 armorum,
578 1368 716 1443 quin
744 1376 1016 1444 quassata
1039 1387 1132 1425 res
1162 1366 1408 1444 publica,
1438 1367 1765 1442 quicunque
1792 1365 1929 1425 belli
1957 1374 2198 1424 eventus
2228 1378 2290 1426 10

239 1462 462 1535 fuisset,
490 1464 670 1522 multa
716 1464 981 1541 perderet
1027 1471 1086 1522 et
1125 1473 1465 1522 ornamenta
1504 1464 1793 1540 dignitatis
1842 1471 1900 1521 et
1926 1462 2213 1540 praesidia

238 1559 564 1618 stabilitatis
591 1579 743 1636 suae,
768 1560 1060 1636 multaque
1085 1569 1329 1636 uterque
1371 1560 1495 1617 dux
1528 1559 1740 1618 faceret
1765 1568 2035 1631 armatuS,
2062 1576 2211 1634 quae

235 1656 396 1716 idem
423 1663 651 1732 togatus
679 1656 803 1715 fieri
848 1656 1246 1733 prohibuisset.
1331 1653 1499 1730 Quae
1528 1656 1759 1731 quidem
1787 1656 1884 1736 tibi
1913 1674 2066 1712 nunc
2092 1673 2212 1712 om-

235 1752 338 1810 nia
363 1751 502 1810 belli
525 1751 766 1826 vulnera
792 1751 1046 1810 sananda
1066 1759 1215 1822 sunt,
1236 1751 1442 1828 quibus
1469 1761 1699 1827 praeter
1720 1760 1775 1809 te
1797 1770 1965 1809 nemo
1992 1749 2211 1831 mederi

236 1856 444 1927 potest.
529 1846 622 1906 25.
663 1846 869 1924 Itaque
889 1832 1046 1906 illam
1069 1854 1228 1906 tuam
1254 1847 1770 1924 praeclarissimam
1799 1856 1859 1905 et
1883 1844 2198 1923 ‘sapientis-
2228 1859 2290 1931 lq

237 1946 444 2003 simam
474 1963 669 2002 vocem
699 1944 912 2001 invitus
932 1943 1166 2002 audivi:
1208 1947 1243 1977 “
1267 1941 1421 2002 Satis
1450 1944 1547 2001 diu
1569 1943 1664 2001 vel
1691 1954 1932 2003 naturae
1962 1944 2087 2001 vixi
2114 1943 2211 2002 vel

179 2080 182 2083 -
236 2039 512 2118 gloriae-’¹
596 2038 766 2112 satie,
792 2040 840 2097 si
867 2040 947 2097 ita
973 2039 1078 2110 vis,
1105 2037 1343 2123 fortasse
1363 2049 1620 2112 naturae,
1636 2040 1784 2098 addo
1805 2042 1995 2125 etiam,
2016 2040 2065 2098 si
2092 2041 2211 2119 pla-

236 2146 346 2210 cet,
396 2136 651 2213 gloriae:
698 2144 775 2209 at,
815 2136 968 2211 quod
1006 2136 1328 2217 maximum
1372 2145 1477 2207 est,
1518 2136 1739 2213 patriae
1780 2146 1936 2201 certe
1986 2120 2210 2213 parum.

238 2233 442 2309 Quare
486 2234 682 2291 omitte
722 2234 905 2305 istam,
934 2252 1163 2310 quaem,
1193 2234 1486 2291 doctorum
1511 2234 1804 2291 hominum
1853 2234 1913 2291 in
1962 2242 2211 2295 contem-
2240 2228 2245 2233 ’

231 2330 432 2389 nenda
470 2339 653 2388 morte
682 2330 1078 2406 prudentiam·
1120 2330 1238 2388 noli
1277 2340 1473 2388 nostro
1499 2332 1754 2406 periculo
1782 2350 1906 2391 esse
1948 2331 2194 2407 sapiens,
2223 2343 2290 2393 20

235 2424 436 2503 Saepe
465 2426 622 2483 enim
648 2427 808 2484 venit
833 2426 907 2484 ad
935 2444 1103 2484 aures
1142 2444 1320 2498 meas,
1346 2436 1406 2484 te
1433 2426 1584 2485 idem
1612 2426 1764 2485 istud
1790 2428 1961 2485 nimis
2007 2428 2212 2511 crebro

230 2523 449 2591 dicere,
477 2521 580 2579 tibi
609 2532 665 2581 te
706 2522 841 2581 satis
881 2521 1112 2581 vixisse.
1197 2520 1425 2595 Cred03
1467 2523 1567 2580 sed
1597 2533 1719 2581 tum
1746 2523 1807 2580 id
1833 2521 2132 2601 ⁵audirem,
2160 2524 2217 2585 si

228 2619 347 2678 tibi
385 2618 491 2677 soli
519 2617 746 2677 viveres
778 2626 880 2677 aut
912 2619 958 2676 si
996 2618 1099 2677 tibi
1133 2618 1308 2677 etiam
1343 2620 1449 2677 soli
1485 2629 1654 2677 natus
1686 2639 1855 2677 esses·
1937 2618 2213 2679 Omnium

229 2714 486 2777 salntem
534 2713 744 2773 civium
781 2724 1161 2792 cunctamque
1197 2734 1322 2772 rem
1358 2716 1648 2791 publicam
1685 2735 1779 2773 res
1827 2725 1964 2775 tuae
2010 2725 2210 2793 gestae

229 2810 578 2887 complexae
607 2821 766 2868 sunt:
808 2820 1028 2869 tantum
1056 2812 1192 2869 abes
1217 2830 1254 2869 a
1281 2810 1628 2888 perfectione
1654 2812 2037 2873 maximorum
2064 2830 2198 2887 ope-
2223 2824 2288 2875 25

227 2925 389 2975 rum,
427 2914 489 2963 ut
527 2904 898 2964 fundamenta
928 2907 1197 2977 nondum,
1233 2925 1383 2983 quae
1420 2907 1650 2983 cogita&
1676 2906 1907 2983 jeceris.
1990 2907 2106 2965 Hic
2143 2916 2208 2965 tu

225 3002 474 3063 modum
504 3002 658 3058 vitae
685 3013 833 3073 tuae,
860 3021 972 3073 non
1009 3002 1192 3059 salute
1219 3002 1305 3059 rei
1339 3002 1621 3077 publicae,
1645 3004 1747 3063 sed
1774 3003 2062 3079 aequitate
2090 3001 2211 3061 ani-

223 3098 320 3177 mi
347 3094 630 3156 definies?
693 3095 865 3171 Quid,
894 3098 941 3155 si
968 3097 1125 3156 istud
1154 3116 1228 3155 ne
1248 3097 1466 3173 gloriae
1495 3107 1627 3157 tuae
1656 3099 1887 3174 quidem
1916 3100 2052 3157 satis
2080 3097 2211 3159 est?

224 3193 404 3269 cujus
431 3202 486 3252 te
514 3212 641 3252 esse
668 3194 1074 3265 avidissimum,
1115 3194 1378 3269 quamvis
1421 3194 1500 3251 sis
1537 3195 1787 3270 sapiens,
1811 3215 1925 3253 non
1953 3196 2215 3270 negabis

225 3284 336 3350 2‘6.
382 3288 675 3347 Parumne
702 3288 891 3366 igitur,
919 3290 1159 3365 inquies,
1184 3288 1426 3365 gloriam
1455 3308 1723 3366 magnam
1761 3292 2151 3367 relinquemus
2171 3288 2200 3347 P
2224 3300 2293 3359 39

223 3387 430 3455 Immo
456 3403 596 3442 vero
623 3383 749 3441 aliis
777 3386 1037 3459 quamvis
1065 3383 1259 3441 multis
1286 3383 1440 3453 satis,
1471 3385 1574 3441 tibi
1593 3384 1691 3440 uni
1720 3405 1944 3461 parum.
2029 3383 2212 3463 Quid-

218 3481 379 3561 quid
425 3488 514 3539 est
555 3480 727 3550 enim,
766 3482 1028 3555 quamvis
1055 3478 1309 3555 amplum
1351 3478 1442 3551 sit,
1468 3488 1559 3538 est
1597 3489 1760 3538 vcerte
1809 3499 2011 3559 pax-‚um
2058 3488 2213 3559 tunc,

219 3597 418 3657 quum
446 3587 534 3634 est
559 3575 776 3651 aliquid
801 3578 1062 3654 amplius.
1150 3574 1318 3649 Quod
1344 3575 1395 3631 si
1435 3595 1634 3657 rerum
1662 3585 1897 3636 tuarum
1922 3578 2213 3653 immorta-

218 3668 399 3743 lium4
431 3669 497 3732 C.
531 3668 763 3742 Caesar,
788 3671 884 3730 hic
923 3672 1115 3731 exitus
1152 3668 1380 3727 futurus
1406 3668 1534 3743 fuit,
1561 3680 1642 3741 ut,
1669 3671 1909 3733 devictis
1944 3670 2213 3749 adrersa-
