2885 3782
1108 392 1175 433 κ.
1216 390 1445 435 nmo.
2177 374 2292 437 303

230 570 402 628 quam
431 551 753 629 sapientiae
775 559 908 610 tuae
931 573 948 620 3
987 552 1074 610 sin
1096 551 1256 621 haec,
1275 570 1425 628 quae
1447 551 1625 612 ceteri
1652 552 1947 622 mirantur,
1968 560 2216 610 contem·

227 649 417 707 nenda
444 649 683 720 duxisti,
713 658 789 719 et,
816 666 994 723 quum
1022 666 1127 724 per
1155 647 1545 706 valetudinem
1573 667 1785 725 posses,
1805 647 2001 706 venire
2022 656 2214 705 tamen

226 744 476 817 noluisti,
503 742 840 820 'utrumque
879 743 1075 817 laetor,
1105 752 1164 801 et
1202 744 1327 801 sine
1365 743 1559 802 dolore
1588 745 1840 819 corporis
1869 753 1925 802 te
1954 741 2128 801 fuisse
2157 751 2216 800 et

226 841 415 897 animo
446 841 719 911 valuisse,
749 857 924 916 quum
966 857 1053 909 ea,
1079 857 1231 914 quae
1269 838 1393 896 sine
1419 858 1593 897 causa
1631 839 1911 897 mirantur
1938 838 2052 909 alii,
2079 856 2214 914 neg-

224 933 474 1004 lexeris;
513 933 715 996 ³modo
756 945 819 994 ut
859 935 961 993 tibi
998 935 1312 993 constiterit
1338 934 1556 994 fructus
1584 935 1683 994 otii
1711 935 1811 1005 tui,
1838 953 1952 1009 quo
1977 934 2211 1009 quidem
2257 947 2290 994 6

223 1031 321 1089 tibi
340 1031 562 1108 perfrui
583 1033 828 1091 mirifice
850 1032 1024 1101 licuit,
1046 1050 1225 1106 quum
1245 1050 1400 1089 esses
1430 1031 1489 1089 ia
1510 1028 1640 1089 ⁴ista
1662 1032 2007 1091 amoenitate
2026 1048 2211 1106 paene

223 1127 372 1186 solus
399 1130 664 1187 relictus.
699 1194 708 1201 ‚
749 1128 957 1204 Neque
996 1138 1191 1185 tamen
1228 1127 1439 1199 dubito,
1468 1128 1605 1203 quin
1632 1136 1694 1185 tu
1723 1146 1800 1185 ex
1828 1127 1926 1185 illo
1953 1126 2213 1185 cubiculo

221 1230 330 1296 tu0‚
357 1243 434 1281 ex
463 1244 588 1300 quo
618 1226 723 1283 tibi
749 1222 1109 1284 ‘Stabianum
1138 1223 1439 1301 perforasti
1470 1234 1527 1282 et
1552 1222 1868 1300 patefecisti
1899 1222 2211 1295 Misenum,

222 1337 321 1393 per
347 1339 447 1377 eos
467 1321 601 1378 dies
623 1322 904 1379 matutina
921 1331 1179 1396 tempora
1199 1318 1553 1378 lectiunculis
1575 1318 2007 1394 consumpseris,
2029 1336 2210 1392 quum

217 1408 318 1470 ‘illi
347 1416 598 1487 interea,
627 1416 728 1491 qui
765 1426 820 1473 te
849 1417 974 1475 istic
999 1415 1372 1491 reliquerunt,
1398 1423 1725 1491 spectarent
1750 1431 2078 1471 communes
2104 1413 2209 1469 mi·
2227 1424 2288 1473 10

219 1527 338 1568 mos
365 1512 726 1570 semisomni.
806 1511 1082 1587 Reliquas
1111 1530 1252 1569 vero
1279 1521 1471 1588 partes
1500 1503 1614 1569 diei
1642 1520 1704 1567 tu
1735 1510 2110 1569 consumebas
2138 1509 2208 1566 iis

217 1604 722 1678 delectationibuS,
748 1627 888 1683 quas
919 1608 1016 1665 tibi
1047 1607 1170 1685 ipse
1199 1608 1273 1666 ad
1300 1607 1608 1666 arbitrium-
1623 1616 1782 1663 tuum
1808 1623 2207 1680 compararas3

216 1702 377 1760 nobis
408 1713 621 1761 autem
641 1713 798 1762 erant
838 1723 909 1762 ea
947 1704 1337 1781 perpetienda,
1366 1718 1518 1780 quae
1547 1702 1762 1761 scilicet
1793 1699 1892 1777 Sp.
1921 1696 2207 1758 'Maecius

211 1798 611 1873 probavisset.
690 1800 744 1857 2.
784 1797 1049 1871 Omnin0,
1090 1799 1139 1857 si
1179 1799 1425 1875 quaeris,
1467 1798 1586 1856 ludi
1628 1796 2065 1874 apparatissimi,
2105 1796 2208 1854 sed

213 1912 324 1951 non
354 1895 449 1952 tui
480 1895 757 1952 stomachi
779 1917 796 1962 ;
836 1894 1221 1970 conjecturam
1248 1895 1403 1953 enim
1424 1894 1573 1954 facio
1593 1895 1665 1960 de
1686 1913 1831 1951 me0.
1913 1890 2067 1951 Nam
2088 1893 2203 1968 pri-
2225 1906 2286 1954 16

213 2008 372 2049 mum
401 1987 670 2050 ‘honoris
698 2011 868 2050 causa
892 1992 949 2050 in
988 2011 1217 2050 scenam
1244 1992 1533 2050 redierant
1559 1991 1618 2063 ii,
1645 2009 1790 2066 quos
1818 2008 1927 2066 ego
1954 1985 2206 2047 ⁹honoris

215 2106 393 2146 causa
442 2087 525 2144 de
573 2106 741 2145 scena
783 2088 1112 2146 decessisse.
1136 2088 1476 2146 arbitrabar.
1561 2087 1824 2146 Deliciae
1874 2105 2013 2145 vero
2055 2095 2207 2159 tuae,

215 2194 414 2242 noster
445 2183 732 2258 Aesopus,
760 2183 1035 2258 ejusmodi
1066 2183 1186 2257 fuit,
1217 2193 1279 2242 ut
1309 2184 1363 2243 ei
1392 2183 1654 2242 desinere
1683 2203 1789 2260 per
1808 2203 2006 2241 omnes
2027 2183 2208 2242 homi-

214 2298 313 2337 nes
341 2280 581 2337 liceret.
661 2276 721 2336 Is
739 2278 940 2354 jurare
968 2299 1144 2355 quum
1172 2281 1467 2356 coepisset,
1495 2299 1613 2338 vox
1641 2299 1771 2338 eum
1796 2279 2005 2339 defecit
2026 2280 2086 2338 in
2107 2280 2206 2339 illo

214 2373 371 2432 loco:
422 2371 501 2432 Si
527 2372 708 2432 sciens
717 2373 891 2452 saffo·
973 2373 1125 2450 Quid
1156 2377 1258 2433 tibi
1287 2395 1393 2452 ego
1419 2376 1535 2435 alia
1558 2375 1832 2434 narrem?
1870 2376 2022 2434 nosti
2048 2376 2201 2433 enim
2220 2387 2284 2438 20

213 2470 484 2546 reliquos
514 2469 692 2528 ludos.
773 2469 971 2544 Quid?
1011 2490 1086 2529 ne
1114 2472 1172 2529 id
1200 2472 1431 2548 quidem
1453 2473 1666 2549 leporis
1687 2472 2029 2544 habuerunt,
2050 2473 2205 2549 quod

213 2566 410 2624 solent
435 2564 753 2624 mediocres
792 2566 952 2635 ludi3
992 2578 1300 2644 apparatus
1329 2568 1486 2626 enim
1520 2571 1796 2645 spectatio
1824 2569 2060 2628 tollebat
2084 2588 2205 2627 om-

212 2679 354 2719 nem
382 2660 776 2730 hilaritatem3
815 2680 932 2736 quo
956 2663 1188 2738 quidem
1225 2672 1505 2740 apparatu
1534 2683 1647 2722 non
1676 2665 1889 2736 dubito,
1915 2665 2058 2740 quin
2084 2665 2205 2723 ani-

211 2775 310 2815 mo
366 2755 722 2831 aequissimo
773 2758 1042 2816 carueris.
1126 2758 1281 2833 Quid
1336 2759 1490 2817 enim
1546 2760 1935 2819 delectationis
1989 2762 2205 2822 habent

211 2847 533 2910 ”sexcenti
570 2852 712 2909 muli
748 2854 809 2910 in
849 2850 1393 2929 ¹¹Clytaemnestra?
1452 2865 1555 2914 aut
1592 2857 1654 2914 in
1693 2854 1908 2932 ”Equo
1947 2856 2201 2932 Trojano
2217 2871 2281 2919 26

212 2944 619 3007 ¹'craterarum
644 2950 757 3007 tria
782 2947 981 3006 milia?
1024 2959 1124 3007 aut
1158 2961 1451 3010 armatura
1470 2952 1635 3012 varia
1661 2953 1946 3030 peditatus
1965 2963 2024 3011 et
2044 2955 2206 3030 equi-

212 3053 372 3103 tatus
402 3045 471 3101 in
495 3044 686 3120 aliqua
709 3042 950 3122 pugna?
989 3064 1145 3130 quae
1165 3048 1500 3124 popularem
1526 3048 1965 3108 admirationem
1990 3049 2204 3108 habue-

213 3150 370 3214 runt,
399 3140 836 3200 delectationem
864 3141 968 3199 tibi
995 3142 1213 3199 nullam
1240 3143 1582 3204 attulissent.
1666 3144 1724 3200 3.
1769 3143 1986 3218 Quodsi
2014 3153 2074 3201 tu
2096 3163 2205 3221 per

214 3253 316 3294 eos
343 3237 476 3294 dies
500 3256 730 3313 operam
759 3235 967 3294 dedisti
986 3233 1338 3316 ¹⁴Protogeni
1366 3248 1479 3312 tue,
1507 3240 1815 3299 dummodo
1842 3241 1892 3298 is
1919 3239 2021 3296 tibi
2040 3241 2207 3314 quid÷

213 3333 305 3390 vis
345 3332 536 3409 potius
574 3351 751 3409 quam
792 3332 1079 3390 orationes
1119 3352 1276 3394 meas
1317 3336 1540 3412 legerit,
1566 3354 1681 3394 nae
1707 3345 1768 3393 tu
1812 3319 1968 3394 haud
2008 3337 2206 3409 paullo
2222 3345 2288 3394 80

215 3425 366 3504 plus,
407 3447 571 3503 quam
615 3412 928 3504 quisquam
967 3437 1241 3500 nostrum,
1281 3429 1675 3491 delectationis
1714 3429 1987 3490 habuisti.
2069 3428 2210 3488 Non

215 3511 374 3579 enim
400 3534 454 3580 te
478 3533 614 3600 puto
641 3520 955 3581 ¹⁵Graecos
981 3532 1081 3579 aut
1108 3519 1285 3582 Oscos
1322 3525 1485 3586 ludos
1527 3525 1905 3594 desiderasse,
1946 3540 2218 3597 praeser-

215 3617 321 3674 tim
347 3637 517 3694 quum
543 3617 775 3678 ¹⁶Oscos
803 3614 968 3674 ludos
995 3616 1093 3674 vel
1118 3615 1180 3674 in
1207 3616 1451 3681 lrsenatu
1480 3633 1673 3681 vestro
1703 3632 1967 3696 spectare
2008 3619 2220 3690 possis,

222 3710 462 3749 flu-nm,-
509 3718 585 3749 260
639 3732 759 3749 nnn
816 3730 970 3749 amna
1030 3721 1093 3749 n}
1141 3732 1215 3749 nn
1263 3718 1333 3749 nel
1365 3718 1559 3749 „nin-.-
1609 3715 1836 3749 anian-..-
1869 3723 2029 3749 Onam
2070 3706 2216 3749 1⁸u3n
